4102 5732
826 443 1028 510 ·..s..

130 645 172 711 ad
200 647 232 712 h.
262 646 283 711 l.
313 653 403 711 reete
434 642 724 728 ‘Crustumeri,
753 643 870 728 inquit,
901 646 1111 732 praumatico
1140 643 1331 708 reddendum
1351 644 1429 730 fait.
1462 645 1501 731 cf.
1531 645 1620 732 Verp.
1652 647 1732 712 Aea.

129 771 175 818 vn
199 753 270 819 631.
332 751 452 818 Forma
475 749 731 817 Crustumius
754 774 816 816 uou
838 755 874 816 iu
895 774 955 816 usu
967 753 1055 839 fuit,
1084 753 1138 817 sert
1167 743 1488 816 Crustumerium
1511 737 1734 820 1101111111-

128 861 261 946 meria.
320 861 372 926 Ea
394 861 494 926 Liuio
524 877 537 923 1
562 859 735 948 suffusa
760 855 1033 924 Crustumium
1063 845 1148 946 qaod
1173 862 1278 945 ipsum
1299 880 1410 924 uerear
1437 881 1474 924 ue
1502 851 1609 926 ortum
1636 865 1677 926 sit
1697 883 1734 927 ca

128 975 302 1058 scripturae
324 965 529 1054 comparatio.⁷
564 967 604 1032 In
628 967 717 1032 Liuii
740 967 814 1034 loco
838 967 970 1034 laudato
993 989 1060 1032 non
1084 966 1299 1034 &astancium
1323 959 1423 1052 extat,
1447 967 1507 1033 sed
1530 966 1734 1054 Crustumini,

128 1101 193 1164 qua
215 1077 346 1166 gentilis
370 1076 509 1142 nominis
532 1077 636 1142 forma
651 1075 783 1141 uidetur
807 1077 890 1140 sumi
913 1098 1032 1140 nomen
1047 1073 1138 1139 urhis
1162 1075 1265 1162 ipsius
1282 1071 1517 1160 Crustumium,
1543 1075 1629 1142 siout
1644 1089 1732 1144 recte

127 1187 170 1252 ad
198 1187 229 1252 h.
254 1186 275 1251 l.
301 1183 590 1251 Weissenbornius
619 1183 801 1250 ednotauit.
854 1182 890 1249 Si
916 1175 1012 1270 leges
1035 1205 1158 1270 ponere
1181 1183 1351 1268 nolumus,
1380 1183 1498 1267 quibus
1527 1183 1624 1270 plura
1647 1185 1734 1252 exei-

127 1293 248 1382 pienda
271 1293 337 1358 sint
360 1316 458 1378 quam
482 1291 691 1378 subicienda,
721 1291 900 1358 tenendum
925 1293 986 1358 erit
1016 1291 1178 1379 triplicem
1207 1291 1339 1378 gentilis
1362 1291 1502 1358 nominis
1525 1291 1661 1358 formam
1683 1285 1733 1360 inss

127 1402 249 1468 ueniri:
276 1401 477 1468 Crustumina
500 1401 599 1466 tribea
622 1399 764 1466 oeourrit
786 1399 875 1486 apud
900 1397 970 1466 Cio.
995 1401 1089 1468 Balb.
1115 1399 1306 1485 25,Ρ11111.
1333 1399 1385 1481 13,
1421 1398 1496 1465 Liu.
1530 1418 1602 1464 xm
1633 1403 1677 1468 34
1700 1410 1734 1469 et

127 1511 161 1575 in
183 1507 453 1596 inscriptionibus
482 1506 523 1574 R.
547 1509 591 1574 N.
616 1510 700 1575 5781
738 1507 825 1573 5208
861 1508 948 1576 5226
984 1511 1072 1576 3274
1101 1508 1296 1594 inquibus,
1331 1531 1408 1573 nam
1435 1501 1622 1595 suspectam
1645 1509 1733 1577 5212

127 1619 252 1703 omitto,
278 1614 527 1684 ‘chosroam’
552 1625 602 1682 est
625 1639 685 1703 pro
710 1611 963 1682 ‘Crustumina’r
990 1615 1104 1682 eadem
1127 1617 1231 1682 forms
1253 1616 1305 1681 usi
1328 1624 1405 1681 sunt
1426 1606 1545 1682 Liu.'1
1568 1617 1655 1684 910
1681 1619 1733 1704 ll,

126 1747 149 1789 v
183 1727 237 1810 37,
273 1743 332 1790 xm
368 1727 425 1810 13,
459 1725 544 1790 Plin.
581 1724 623 1789 N.
659 1723 704 1788 H.
740 1743 829 1787 xxm
865 1727 895 1810 7,
931 1727 974 1792 62
1012 1735 1045 1792 11
1078 1725 1214 1810 Festus,
1245 1725 1308 1810 qui
1343 1723 1586 1791 Crustuminum
1620 1717 1733 1794 urbem

126 1835 159 1898 in
183 1833 305 1899 Tuscia
328 1834 439 1920 ponit,
467 1833 554 1898 unde
584 1833 780 1918 interpretes
809 1833 850 1896 ad
879 1833 988 1899 locum
1015 1835 1103 1900 Vibii
1134 1831 1321 1918 Sequestris
1347 1833 1433 1898 infra
1461 1833 1661 1898 laudandum
1691 1825 1732 1901 de

127 1932 255 2008 duobus
287 1939 433 2007 eiusdem
465 1940 603 2006 nominis
636 1938 766 2026 oppidis
789 1941 1029 2027 cogitauerunt.
1085 1933 1337 2006 ‘Crustumerina'
1358 1933 1534 2007 secessioae’
1560 1936 1667 2008 Vsrro
1690 1942 1731 2010 Ir.

125 2049 166 2114 L.
187 2069 209 2112 v
236 2050 276 2114 41
302 2049 439 2137 protulit
463 2048 578 2114 eadem
601 2031 795 2112 formatione
818 2071 898 2114 usus
922 2072 987 2134 qua
1003 2047 1124 2115 Graeci
1149 2047 1449 2138 ‘Kpovacoueqtror’
1474 2049 1628 2116 dixerunt
1643 2050 1733 2136 quod

126 2165 176 2224 est
199 2158 287 2244 apud
310 2157 507 2244 Dionysium
530 2156 857 2222 Halicarnassensem
882 2166 915 2223 et
938 2155 1144 2245 Stephanum
1166 2157 1374 2244 Byzantium,
1403 2180 1541 2242 quorum
1563 2159 1618 2225 ille
1641 2159 1731 2226 urhis
1817 2139 1824 2153 ’

126 2289 245 2332 nomen
269 2272 523 2356 quvouoasqta,
557 2265 611 2330 hio
630 2271 901 2358 ,Κρουστομερίον
935 2265 1080 2352 protulit.
1129 2263 1350 2330 ‘Crustumius’
1374 2273 1482 2331 autem
1510 2266 1591 2332 dixit
1614 2265 1732 2354 Vergi-

125 2375 187 2440 lius
210 2375 244 2440 in
275 2373 465 2460 Georgicon
498 2373 591 2438 1198
621 2372 801 2438 Crustumio
818 2377 909 2460 pira,
932 2375 1120 2460 pariterque
1144 2372 1186 2438 de
1210 2373 1325 2438 eedem
1348 2395 1383 2438 re
1408 2395 1482 2439 oum
1504 2375 1650 2459 loquitur
1665 2372 1732 2439 Pli-

125 2484 198 2549 nius
221 2483 265 2549 N.
293 2480 337 2548 H.
366 2501 414 2546 xv
441 2484 470 2568 ξ.
499 2481 541 2548 53
566 2481 640 2567 (sed
665 2479 882 2546 ‘Crustumina
898 2479 990 2568 pira’
1013 2481 1057 2546 id.
1086 2499 1174 2544 xxm
1203 2482 1291 2566 115).
1341 2480 1414 2546 lam
1437 2482 1526 2567 quod
1549 2481 1592 2548 ad
1619 2481 1731 2569 oppidi

125 2615 244 2658 nornen
269 2589 489 2656 ‘Crustumeri’
522 2599 656 2677 propter
685 2600 823 2656 metrum
852 2589 1021 2655 heroicum
1039 2577 1083 2653 'id
1113 2589 1207 2654 finxit
1238 2588 1340 2677 Verg.
1365 2589 1450 2656 Aen.
1480 2609 1528 2654 vn
1555 2591 1638 2675 631,
1656 2617 1658 2624 ’
1673 2588 1732 2656 sed

127 2699 341 2766 Crustumeria
363 2698 500 2784 protulit
523 2697 640 2764 Liuius
674 2717 711 2760 111
744 2699 799 2784 42,
836 2697 1084 2764 Crustumerium
1107 2697 1191 2763 Plin.
1216 2695 1260 2762 N.
1288 2697 1332 2764 H.
1368 2698 1503 2783 1115,9
1539 2709 1572 2766 11
1595 2691 1731 2765 Seruius

125 2808 167 2873 ad
189 2807 329 2896 Vergilii
351 2807 460 2874 locum
483 2806 581 2872 modo
604 2806 782 2874 laudatum.
831 2805 1055 2872 'Crustumium
1077 2829 1158 2872 uero
1183 2805 1336 2872 dixerunt
1359 2805 1517 2894 oppidum
1541 2803 1642 2873 Silius
1667 2805 1732 2872 vm

126 2917 190 2982 367
227 2915 456 3003 ‘Autemaaqae
474 2919 584 3003 prisco
609 2914 787 2998 Crustumio
804 2914 912 3003 prior’
943 2924 976 2982 et
999 2913 1134 2981 Seruius
1165 2913 1207 2980 ad
1230 2913 1332 3002 Verg.
1357 2914 1481 3003 Georg.
1515 2916 1608 2980 1198
1637 2911 1730 2980 ‘Cru-

126 3027 264 3089 stumina
289 3028 368 3112 pira
390 3037 462 3089 suut
484 3047 521 3088 aa
542 3025 806 3110 partaruheutia
836 3025 874 3088 ah
905 3027 1020 3112 oppido
1047 3023 1225 3090 Crustumio
1244 3026 1434 3088 summata..
1481 3020 1588 3090 Vides
1614 3045 1730 3111 perum

126 3132 275 3198 consulte
301 3133 407 3219 egisse
431 3131 695 3197 Lindemannum
718 3155 793 3198 oum
816 3131 948 3222 Phooae
978 3131 1190 3218 grammatico
1213 3133 1351 3197 formam
1376 3129 1594 3198 ‘Crustumeri’
1619 3131 1738 3198 obtru·.

127 3240 231 3323 deret,
256 3262 339 3326 quae
355 3261 421 3304 non
437 3240 500 3305 nisi
515 3239 611 3304 unius
627 3263 743 3306 uersus
756 3237 940 3328 Vergiliani
956 3241 1091 3325 eiusque
1109 3262 1318 3305 numerorum
1333 3240 1530 3306 necessitate
1554 3240 1661 3307 coacti
1681 3231 1731 3305 niss

125 3349 213 3414 titur.
267 3347 419 3414 Dubitari
447 3343 577 3433 nequit,
608 3348 687 3434 quin
716 3348 773 3412 illo
804 3347 893 3432 loco,
925 3371 990 3434 quo
1021 3347 1062 3414 de
1091 3347 1220 3414 urbium
1249 3347 1435 3414 nominibus
1461 3348 1581 3435 plurali
1603 3357 1731 3414 tantum

125 3479 260 3522 numero
284 3457 420 3543 prolatis
444 3456 562 3543 agitur,
587 3456 797 3522 scribendum
820 3457 862 3522 sit
886 3455 1139 3542 Crustumeria,
1162 3451 1253 3542 ¹quae
1277 3479 1344 3521 una
1371 3447 1475 3522 forma
1496 3447 1635 3524 nominis
1656 3458 1731 3550 plu-

125 3565 236 3631 raliter
258 3565 293 3630 in
315 3587 378 3630 usu
400 3565 508 3648 fuerit.
548 3565 659 3651 Atque
681 3565 716 3630 in
739 3565 824 3631 hano
847 3589 916 3632 rem
940 3589 1014 3632 oum
1030 3565 1130 3631 semel
1152 3559 1374 3650 inciderimus,
1396 3589 1502 3654 pauca
1526 3566 1567 3632 de
1583 3557 1730 3632 'fluminis

127 3672 307 3740 Crustumii
329 3673 460 3739 nomine
485 3673 620 3758 eiusque
643 3673 746 3739 forma
769 3673 896 3739 addam.
943 3673 1148 3761 Magnopere
1178 3673 1263 3740 enim
1287 3665 1404 3740 uereor
1430 3697 1470 3740 ne
1496 3661 1729 3742 ‘Crustumius’

126 3781 335 3867 antiquorum
358 3805 453 3847 nemo
477 3782 662 3872 protulerit,
686 3781 745 3848 sed
770 3803 789 3846 1
812 3775 1041 3868 grammaticis
1054 3783 1226 3848 inuentum
1248 3783 1282 3846 in
1304 3783 1412 3850 lexioa
1430 3775 1467 3849 ’11
1489 3775 1729 3872 philologorum
1838 3842 1843 3850 .

126 3899 159 3955 et
188 3889 452 3978 geographorum
480 3889 657 3976 irrepserit.
709 3889 751 3954 In
773 3890 864 3956 Vibii
893 3887 1200 3976 Sequestris’libris
1231 3899 1281 3956 est
1308 3913 1340 3978 p.
1366 3891 1386 3956 8
1416 3890 1467 3957 ed.
1498 3888 1611 3958 Oberl.
1644 3881 1729 3958 1778

128 3996 354 4064 ‘Crustumium
378 4037 420 4047 --ψ
443 4002 478 4062 ia
500 4021 587 4064 marc
610 3999 836 4064 Hadriaticum
856 3997 941 4084 sace
966 4021 1073 4086 neque
1097 3999 1191 4064 aliter
1214 4006 1264 4065 est
1286 3998 1318 4067 in
1343 3998 1441 4064 Plinii
1464 3998 1507 4065 N.
1537 3997 1581 4066 H.
1610 4017 1652 4065 111
1676 3999 1728 4084 15,
1814 4043 1818 4050 -

126 4108 169 4172 20
194 4105 323 4192 ‘fluuius
339 4103 564 4172 Crurumiam'
588 4129 695 4192 neque
712 4105 841 4172 Lucani
865 4107 1063 4194 exemplaris
1079 4116 1240 4193 quotquot
1262 4108 1296 4172 in
1313 4106 1465 4174 editionis
1488 4107 1617 4174 fulturae
1634 4128 1730 4174 usum

127 4213 251 4304 contuli
285 4234 312 4279 11
339 4213 404 4280 406
429 4215 524 4280 aliam
548 4215 703 4280 exhibent
725 4213 876 4281 formam:
901 4239 1002 4280 unum
1025 4215 1167 4282 Estense
1191 4213 1425 4302 aSpsnhemio
1450 4216 1615 4301 collatum,
1639 4215 1729 4301 quod

126 4323 246 4388 nullius
275 4323 342 4388 fere
372 4323 587 4389 auctoritatis·
605 4331 671 4408 est,
702 4321 971 4411 ‘Crustumiumque
999 4321 1114 4411 rap-aa’
1143 4323 1289 4412 praebet.
1343 4317 1450 4408 Quam
1480 4325 1617 4392 formem
1646 4346 1728 4391 caue

127 4431 265 4496 Lucano
295 4429 470 4497 obtrudas:
506 4431 650 4516 itemque
680 4431 748 4496 noli
782 4440 897 4518 putare
926 4433 960 4496 in
996 4454 1035 4498 eo
1065 4431 1154 4517 quod
1187 4431 1221 4496 in
1250 4432 1363 4498 tabula
1378 4423 1645 4520 'Peutingeriana
1679 4443 1730 4500 est

126 4519 307 4606 nusrriuurs
335 4562 397 4627 pro
426 4558 629 4607 csusrmuu
656 4541 759 4606 ullum
790 4541 899 4607 inesse
927 4540 1043 4605 uitium
1072 4549 1201 4628 praeter
1230 4539 1259 4606 C
1288 4541 1433 4630 uulgaris
1463 4543 1623 4608 sermonis
1652 4566 1729 4617 oon7

127 4649 300 4714 suetudine
325 4648 498 4716 abiectum.
544 4645 703 4714 Eiusdem
726 4648 857 4735 generis
881 4656 931 4714 est
953 4649 1056 4714 forma
1079 4647 1228 4714 ‘Varum’
1253 4671 1336 4734 quae
1360 4657 1450 4716 extat
1475 4649 1510 4714 in
1540 4651 1643 4717 altero
1666 4650 1729 4715 Pa·

127 4756 257 4822 risiensi
285 4756 385 4822 Plinii
415 4757 458 4823 N.
491 4755 536 4822 H.
574 4776 615 4822 111
649 4757 681 4841 4,
711 4756 743 4841 5,
777 4757 811 4822 in
842 4757 1081 4844 exemplaribus
1113 4755 1285 4845 Pomponii
1314 4758 1424 4825 Melae
1458 4777 1485 4824 Π
1512 4760 1549 4842 4,
1578 4759 1615 4845 9,
1651 4759 1727 4826 ltin.

128 4865 250 4931 Anton.
275 4889 307 4953 p.
333 4865 395 4930 297
421 4864 472 4950 P.,
496 4865 530 4929 in
553 4859 665 4930 tabula
689 4863 952 4953 Peutingeriena.
999 4865 1092 4931 Haec
1116 4865 1285 4932 hactenus.
