4102 5732
977 417 1019 430 ...
1065 384 1108 450 15
1154 422 1197 433 -

283 585 340 644 aut
362 579 495 666 proprio
519 578 629 644 Marte
654 577 826 663 conposita
848 587 914 667 aut.
928 577 1057 644 aliunde
1082 579 1230 645 deriuata
1253 581 1469 646 memoriaeue
1493 579 1672 646 haerentia.
1708 581 1891 647 Videamus

199 695 203 702 “
281 685 347 750 iam
373 685 464 771 ipsos
487 685 588 754 locos.
634 685 686 752 Ea
714 685 862 770 quaein
884 685 1010 751 scholio
1039 685 1081 750 ad
1111 687 1167 752 17
1203 687 1358 774 leguntur
1387 686 1479 752 ‘Pila
1501 701 1574 752 suat
1601 711 1693 754 orma
1714 691 1892 756 iaculorum

283 805 375 880 atquc
399 795 532 859 telcrrcn
556 795 758 880 retorquendo
774 794 826 858 ccl
849 795 1015 859 emittendo
1039 793 1166 861 cocota’
1192 795 1355 861 cernimus
1370 795 1485 874 referri
1508 795 1549 862 ab
1565 794 1696 861 Isidoro
1719 812 1810 865 xvm
1827 797 1891 882 7‚9

283 899 471 968 ‘Pilatum
493 925 586 968 ormo
608 905 632 967 i.
656 928 686 968 a.
713 914 734 967 t.
760 927 790 968 o.
813 914 834 966 t.
858 927 889 967 c.
915 925 939 968 e.
963 927 994 967 aa
1041 903 1092 968 Dc
1116 905 1229 990 quibat
1251 905 1400 970 Lacenae
1424 905 1455 986 (Ι
1482 901 1518 985 7)
1543 901 1659 990 ‘Siqua
1675 923 1773 990 porea
1798 908 1891 991 cqui-

283 1010 331 1075 tar
353 1021 384 1075 et
398 1011 474 1095 pibo
495 1013 654 1076 minantia
670 1008 778 1095 pattr’.
819 1008 919 1076 Catus.
938 1012 1099 1096 singulare
1116 1013 1224 1096 pilum
1246 1009 1386 1077 dicitm’.
1435 1009 1584 1092 Quorum
1606 1013 1783 1078 uerborum
1806 1035 1891 1098 quae

282 1125 429 1186 extrema
451 1123 535 1184 'sunt
562 1115 685 1184 habent
712 1124 849 1204 propter
878 1117 968 1202 quod
997 1127 1161 1186 notentur.
1212 1118 1363 1186 Isidorus
1395 1112 1480 1183 enim
1502 1111 1559 1184 illo
1583 1119 1672 1205 quod
1695 1138 1742 1186 ua
1766 1139 1891 1187 nieme

283 1234 334 1292 ost
361 1225 472 1312 capite
501 1223 713 1313 explicandas
741 1245 842 1292 uoces
872 1225 1029 1312 singulari
1058 1247 1194 1292 numero
1224 1247 1337 1292 omnes
1364 1225 1502 1311 protulit
1531 1227 1678 1314 exceptis
1708 1236 1893 1312 quaesunt

283 1333 458 1402 ‘trudes’
483 1345 519 1402 et
542 1333 793 1418 ‘uenabula’,
824 1357 906 1420 quas
937 1357 1011 1400 cum
1042 1331 1154 1400 earum
1178 1334 1430 1421 explicationem
1458 1357 1476 1398 e
1501 1335 1692 1400 commentis
1715 1335 1750 1400 in
1774 1334 1892 1422 Vergi-

172 1437 175 1444 ’
282 1443 362 1510 lium
391 1451 585 1528 excerperet
614 1441 731 1508 eodem
753 1441 852 1507 modo
877 1441 996 1529 plurali
1024 1465 1159 1508 numero
1182 1442 1390 1528 transcripsit
1419 1465 1483 1527 quo
1515 1440 1631 1529 ‘pila’
1658 1465 1675 1508 e
1699 1441 1892 1510 Lucanianc

282 1549 430 1618 scholio.¹
466 1548 561 1632 Quae
585 1549 629 1616 ad
651 1551 768 1618 v1689
794 1549 835 1616 de
859 1541 961 1636 striga
986 1547 1188 1618 scholiastes
1202 1549 1283 1614 dixit
1307 1543 1409 1615 ‘Stric
1431 1562 1582 1616 nectarco
1606 1554 1676 1616 acia
1699 1551 1812 1616 bobane
1834 1573 1892 1616 πο-

281 1681 351 1724 rnen
374 1660 410 1724 de
433 1681 508 1738 sono
531 1662 627 1725 accis.
652 1659 776 1745 quando
801 1661 885 1724 onim
908 1659 1036 1740 clamat,
1059 1657 1180 1723 atridet’
1211 1645 1406 1744 repetuntur
1427 1657 1506 1727 item
1529 1657 1643 1724 addito
1667 1657 1796 1724 Lucani
1818 1657 1892 1723 loco

282 1764 373 1852 apud
395 1764 561 1830 Isidorum
583 1785 637 1830 ΧΠ
662 1766 692 1849 7,
716 1765 760 1830 42
792 1763 897 1830 ‘Strt'c
918 1791 949 1830 π.
975 1791 1005 1831 α.
1029 1767 1059 1830 b.
1083 1791 1114 1830 π.
1139 1765 1175 1830 do
1198 1788 1222 1828 s.
1246 1791 1277 1830 a.
1303 1790 1332 1852 q.
1358 1789 1382 1831 e.
1409 1790 1433 1832 ο.
1457 1791 1481 1830 s.
1510 1767 1546 1830 de
1576 1789 1639 1852 quc
1668 1767 1819 1832 Ιποοοπο
1841 1767 1894 1851 (VI

283 1859 365 1958 689)
383 1871 484 1954 'Quod
503 1875 646 1959 trepidae
671 1873 760 1954 babo,
785 1875 870 1958 quod
891 1875 971 1937 stria
993 1885 1148 1938 nocturno
1171 1871 1353 1959 querantur’
1380 1882 1412 1938 et
1434 1873 1469 1938 ni
1485 1873 1581 1938 fallor
1604 1873 1646 1938 de
1674 1897 1752 1950 suae
1777 1873 1893 1939 aetatis

282 1981 516 2067 superstitione
544 1979 676 2046 additur
705 1979 746 2045 ab
775 1979 831 2044 illo
862 1977 964 2046 ‘Haeo
993 1983 1063 2046 coia
1090 1981 1187 2068 culpo
1217 1981 1334 2046 dicitur
1361 2005 1467 2047 ammo
1496 1981 1535 2046 ab
1565 1983 1699 2050 amando
1728 1983 1893 2068 paruulos,

282 2089 363 2154 ratde
392 2101 424 2154 et
450 2089 501 2154 bnt
522 2089 676 2174 praebere
696 2089 804 2175 fertur
832 2086 1052 2154 amccatibas’.
1086 2125 1123 2142 „
1161 2087 1310 2154 Tertium
1344 2087 1492 2154 scholion
1526 2098 1577 2154 est
1604 2087 1687 2154 illud
1716 2087 1758 2154 ad
1786 2108 1800 2153 1
1829 2071 1894 2154 625

284 2193 454 2262 ‘omentum
482 2195 698 2262 membranam
727 2197 812 2282 qaod
846 2199 982 2265 continet
1015 2199 1234 2262 intestinorum
1263 2199 1418 2262 maiorem
1440 2195 1598 2282 partem?
1635 2195 1725 2281 quod
1753 2198 1895 2262 refertur

282 2301 373 2390 apud
399 2302 478 2370 Isid.
507 2322 548 2369 Χῖ
577 2306 607 2387 1,
641 2303 704 2368 130
733 2303 788 2368 ubi
817 2303 899 2368 haec
924 2312 1016 2368 sunt:
1052 2302 1232 2368 ‘Omcatcnr
1259 2327 1300 2370 m.
1325 2327 1355 2390 q.
1380 2329 1404 2368 ο.
1429 2307 1452 2368 r'.
1476 2329 1517 2369 na.
1535 2327 1591 2390 p,
1620 2306 1704 2390 qaod
1732 2306 1895 2371 ἐπίπλουν

282 2409 402 2478 Gracci
422 2423 547 2477 uocant.
593 2411 780 2496 Disceptatio
801 2413 985 2476 bumannum
1000 2413 1084 2498 quod
1106 2412 1255 2476 discernit
1275 2423 1415 2482 uentrem
1439 2424 1468 2476 ct
1485 2423 1586 2478 cetero
1607 2414 1755 2477 lausana
1779 2437 1799 2478 ο
1815 2413 1894 2498 pub-

283 2519 426 2584 monibus
449 2531 480 2584 et
502 2545 522 2585 c
545 2515 659 2584 corde’.
693 2516 822 2601 Quibus
847 2543 865 2585 e
888 2519 999 2586 uerbis
1024 2541 1107 2604 quae
1132 2527 1209 2585 eunt
1233 2517 1329 2606 ‘qaod
1352 2520 1520 2590 ἐπίπλοον,
1538 2517 1656 2585 Gracci
1678 2518 1803 2585 uocaut’
1830 2519 1895 2584 for-

282 2633 373 2692 tasse
395 2625 430 2692 in
453 2625 585 2692 scholiis
607 2624 689 2710 ipsis
721 2625 840 2710 quibus
862 2626 1011 2693 Isidorus
1035 2627 1147 2714 priora
1170 2626 1270 2694 debet
1300 2628 1435 2694 fuerunt
1457 2626 1517 2693 sed
1540 2626 1574 2691 in
1600 2626 1894 2712 Montepessulano

284 2851 387 2922 sunt„
417 2839 559 2928 Reliqua
581 2865 660 2907 uero
684 2823 931 2909 Lindemannus
955 2843 1038 2908 male
1063 2867 1138 2909 oum
1161 2841 1433 2934 antecedentibus
1456 2842 1569 2909 iunxit.
1617 2841 1759 2908 Prorsus
1786 2829 1896 2906 seiun-

284 2947 393 3037 genda
416 2956 503 3016 sunt.
549 2947 628 3012 Non
652 2949 738 3014 enim
762 2950 897 3016 alteram
922 2949 1087 3036 quandam
1110 2951 1231 3016 omenti
1262 2950 1323 3017 sed
1355 2950 1437 3016 alius
1460 2949 1689 3016 intestinorum
1713 2949 1816 3036 partis
1840 2973 1896 3015 ex.-

284 3055 494 3143 plicationem
517 3055 696 3122 continent.
743 3057 914 3146 Deinceps
945 3058 1152 3146 explicantur
1180 3057 1227 3124 ibi
1255 3066 1456 3124 omentum
1479 3057 1704 3144 disseptum
1732 3079 1896 3124 caecum

283 3165 463 3232 ieiunum
485 3172 646 3249 uenter,
671 3187 809 3250 quorum
833 3165 900 3232 duo
923 3167 1035 3254 priora
1057 3189 1145 3231 nunc
1168 3165 1253 3231 male
1278 3165 1453 3232 coniuncta
1474 3165 1570 3251 quasi
1593 3165 1690 3231 unius
1713 3165 1816 3252 partis
1841 3189 1896 3231 ex·

284 3272 494 3359 plicationem
524 3273 715 3338 contineant
737 3273 901 3361 leguntur.
948 3273 1068 3360 Itaque
1098 3273 1320 3342 restituendus
1348 3274 1479 3340 Isidoro
1509 3288 1560 3340 est
1582 3274 1636 3340 hic
1664 3297 1773 3340 rerum
1797 3272 1894 3340 ordo:
1945 3315 1946 3320 κ

283 3397 324 3445 xr
348 3382 379 3464 1,
404 3381 478 3445 130.
504 3379 680 3448 Omeatcm.
704 3381 920 3448 membranam
943 3379 1005 3450 etc.
1044 3384 1117 3449 131.
1142 3385 1336 3470 Disceptatio.
1359 3385 1541 3448 botontinum
1564 3389 1627 3478 etc.
1654 3381 1728 3447 132.
1764 3381 1897 3448 Caecum

284 3490 463 3554 intestinum
487 3496 549 3554 etc.
576 3487 651 3554 133.
687 3489 842 3554 Ica'anaaa.
868 3501 955 3555 tenca
978 3493 1160 3556 internarum
1182 3499 1245 3558 etc.
1281 3491 1354 3556 134.
1375 3491 1497 3564 ¹Venter·
1520 3498 1583 3555 eto.
1607 3524 1649 3537 -—
1679 3489 1792 3574 Atque
1821 3511 1897 3554 cum

284 3595 365 3683 ipsis
387 3595 428 3661 iis
451 3595 596 3680 scholiis,
621 3617 705 3680 quae
729 3595 901 3663 maximam
923 3607 1053 3683 partem
1075 3607 1202 3664 tantum
1227 3620 1409 3684 congruere
1434 3605 1467 3662 et
1490 3595 1675 3664 consentire
1699 3595 1895 3684 supradixi,

285 3726 383 3789 quam
407 3712 477 3770 arta
499 3703 684 3770 intercedat
706 3703 829 3770 Isidori
845 3701 1039 3793 Originibus
1062 3705 1284 3790 necessitud0,
1309 3705 1389 3772 satis
1413 3714 1634 3793 cognoscetur
1655 3725 1721 3770 uno
1746 3703 1896 3790 exemplo

286 3811 449 3898 adposito.
483 3810 696 3900 Etymologia
711 3813 804 3880 uocis
820 3810 912 3880 ‘hae
935 3813 1147 3880 tenebrae’
1165 3838 1185 3880 a
1201 3813 1377 3880 scholiasta
1396 3813 1525 3900 prolata
1540 3812 1582 3878 ad
1604 3812 1698 3878 1228
1723 3801 1896 3878 ‘Tenebrae

286 3945 307 3986 ο
330 3922 458 3986 tenendo
482 3943 517 3987 ao
541 3922 627 4008 qaod
649 3933 751 3987 teneat
772 3907 929 3988 runbram’
954 3921 1005 3987 his
1029 3921 1172 3987 occurrit
1200 3921 1290 4009 apud
1312 3921 1477 3988 Isidorum
1502 3920 1628 3988 scilicet
1649 3941 1672 3986 v
1696 3921 1750 4004 31,
1775 3919 1796 3986 5
1820 3917 1896 3985 ‘Te-

285 4027 407 4094 oebrae.
428 4041 532 4095 caum
559 4030 661 4096 dictae
689 4030 774 4116 qaod
803 4041 928 4096 teneaat
953 4029 1092 4098 mabroa’
1121 4037 1156 4096 et
1182 4049 1249 4098 xm
1274 4031 1332 4115 10,
1365 4029 1406 4095 12
1435 4027 1608 4095 ‘Tenebrae
1638 4027 1785 4093 dicantar
1814 4029 1898 4114 quod

287 4147 412 4202 taceant
432 4137 569 4204 ambros.
616 4137 712 4203 Nr'bib
724 4149 840 4204 -οοιοοο
862 4151 934 4204 aaut
956 4139 1114 4222 tenebrae,
1144 4140 1197 4205 aad
1217 4141 1290 4224 apsa
1313 4139 1392 4204 lucie
1414 4137 1556 4204 absentia
1585 4135 1728 4202 tenebrae
1751 4119 1897 4200 dicautur

285 4245 547 4311 catalectum
569 4268 632 4316 ποο
655 4247 766 4332 aliqua
788 4269 837 4312 res
860 4247 981 4312 estred
1001 4233 1065 4311 abi
1079 4269 1171 4313 sonus
1194 4270 1255 4312 aon
1279 4258 1323 4312 est
1345 4247 1504 4311 silentiam
1526 4245 1660 4311 dicitur:
1686 4246 1731 4310 sic
1754 4243 1897 4308 tenebrae

285 4375 350 4418 οοο
372 4351 498 4439 aliquid
519 4365 592 4418 sant
612 4353 744 4419 sedebi
766 4355 820 4419 baa
841 4377 904 4420 οοο
928 4365 973 4418 est
996 4351 1136 4421 tenebrae
1160 4353 1329 4420 diocatrrr’.
1376 4351 1474 4418 Vnde
1499 4375 1583 4438 quae
1606 4351 1641 4418 in
1664 4351 1715 4418 his
1739 4349 1780 4416 de
1803 4359 1896 4418 tene-

286 4457 419 4526 brarum
441 4467 559 4526 natura
582 4441 743 4526 docentur
765 4461 922 4548 petiuerit
943 4461 1092 4528 Isidorus
1117 4462 1270 4548 equidem
1293 4461 1425 4527 nescior
1455 4485 1472 4526 e
1503 4459 1635 4526 scholiis
1666 4459 1700 4524 in
1723 4458 1896 4525 Lucanum

287 4589 326 4634 ea
355 4588 428 4634 esse
458 4568 514 4633 uix
543 4568 749 4648 crediderim.
799 4569 842 4639 In
869 4571 1034 4658 prioribus
1063 4571 1236 4637 manifesto
1265 4568 1417 4636 uidemus
1446 4567 1611 4653 quomodo
1641 4555 1789 4632 Isidorus
1821 4589 1897 4632 cum

286 4675 373 4742 illius
397 4675 525 4764 scholii,
549 4699 614 4763 quo
637 4679 847 4746 tenebrarum
863 4680 1062 4769 etymologia
1083 4679 1323 4768 proferebatur,
1346 4685 1519 4744 reuocaret
1535 4675 1735 4762 memoriam,
1758 4661 1896 4742 fluctuo·

286 4784 329 4849 rit
351 4785 532 4872 paullulum
555 4809 663 4874 neque
691 4789 726 4853 in
755 4788 865 4856 uerbis
890 4789 952 4856 sibi
980 4789 1172 4858 constiterit.
1225 4787 1281 4854 Ad
1310 4785 1525 4874 etymologias
1549 4793 1658 4852 autem
1682 4783 1895 4872 conligendas
