4102 5732
691 327 1034 422 ⁶-1o-

119 553 276 632 micorum
306 551 429 637 quilius
442 550 623 637 proprium
652 560 703 618 est
731 549 972 618 demonstrant:
1000 549 1039 617 ut
1060 549 1226 618 inuenitur
1249 553 1281 618 in
1304 551 1415 641 Plauti
1438 554 1514 619 Aul.
1538 555 1684 640 perioch.
1708 555 1729 620 5

119 659 199 726 ‘clas
215 661 326 744 filicae
347 661 525 748 lsycoaidec
547 657 705 746 citicrct’,
740 660 773 726 in
797 659 933 726 Terenti
955 659 1043 726 Eun.
1078 679 1135 725 1111
1167 661 1199 746 3,
1238 661 1277 726 12
1314 658 1486 748 ‘uirginem
1507 661 1636 728 citicrc'
1674 681 1730 728 1111

117 769 151 852 4,
175 767 217 833 37
248 765 354 854 ‘adpo
376 764 518 833 eeiacto’.
571 765 647 850 Qua
676 767 710 832 in
739 791 775 833 re
804 791 870 834 non
900 765 963 834 erit
993 765 1084 854 quod
1115 767 1265 855 pluribus
1296 789 1445 834 moneam
1472 769 1552 834 talia
1579 771 1683 836 uerba
1710 792 1730 834 a

118 873 243 941 saeculi
266 875 375 960 quarti
404 884 437 940 et
459 875 666 960 sequentium
696 875 900 941 saeculorum
931 875 1146 960 scriptoribus
1171 853 1317 940 adhibita
1340 874 1474 942 fluxisse
1498 899 1563 942 non
1588 900 1605 942 e
1630 877 1730 942 comi-

117 1006 232 1048 corum
254 981 397 1048 lectione
421 981 481 1048 sed
504 983 678 1048 maximam
700 991 828 1068 partem
853 1005 870 1048 e
893 983 1053 1049 sermonis
1084 981 1195 1076 plebei
1217 982 1374 1067 fontibus,
1398 983 1454 1068 qui
1474 981 1554 1050 inde
1579 1008 1598 1049 a
1620 974 1730 1050 Plauti

118 1099 226 1156 >aetate
250 1111 316 1156 non
339 1090 432 1156 tenui
448 1090 590 1174 quodam
613 1090 721 1156 riuulo
746 1089 805 1156 sed
828 1089 922 1157 uberi
944 1089 1167 1176 continuoque
1190 1089 1323 1156 flumine
1348 1089 1390 1156 ad
1413 1091 1518 1178 prima
1533 1087 1632 1158 medii
1655 1091 1730 1157 aeui

117 1197 253 1264 saecula
275 1196 487 1264 durauerant.
505 1235 545 1246 -—
569 1196 634 1262 His
657 1197 804 1292 uulgaris
827 1197 986 1264 sermonis
1009 1198 1160 1286 uestigiis
1184 1197 1363 1264 adnumero
1388 1197 1588 1264 adiectiunm
1610 1222 1730 1264 nomen

118 1304 337 1370 deauratus
362 1305 511 1392 positum
540 1304 575 1370 in
606 1303 730 1370 scholio
761 1304 804 1370 ad
833 1323 875 1370 111
902 1307 965 1371 231
1001 1304 1088 1394 ‘pecs
1115 1304 1265 1394 Scythice
1289 1329 1368 1392 quae
1388 1308 1548 1372 deauratis
1572 1307 1731 1372 mateolis

118 1415 297 1479 ornamenti
317 1417 386 1479 uice
410 1433 514 1479 comcs
539 1411 660 1478 amhit’ss
714 1412 802 1480 Nam
832 1409 1033 1479 deaurare*
1061 1409 1281 1479 deauratus
1312 1411 1531 1480 deaurator
1559 1437 1625 1480 non
1654 1423 1731 1480 sunt

118 1520 531 1588 bonae'nctaeuocabula
553 1519 613 1586 sed
636 1544 653 1586 e
678 1519 842 1586 cotidiano
872 1540 1023 1588 sermone
1045 1520 1103 1594 uel
1123 1529 1140 1586 e
1157 1520 1308 1598 ¹tabernis
1336 1521 1491 1608 opificum
1515 1522 1629 1608 petita.
1674 1519 1731 1586 Iu-

119 1631 250 1696 uenitur
281 1629 371 1716 apud
394 1629 634 1696 Tertullianum
663 1627 704 1694 de
727 1627 839 1695 idolol.
864 1630 939 1706 c.,8
968 1623 1152 1694 ‘siccaret
1165 1629 1263 1694 bacco
1287 1631 1426 1716 quotidie
1450 1625 1666 1712 decaecatcr’,
1696 1628 1730 1694 in

119 1738 254 1824 uulgata
275 1738 405 1804 Bibliae
427 1737 698 1823 interpretatione
723 1760 776 1824 ps.
799 1734 854 1821 45,
881 1737 922 1814 10
947 1734 1133 1810 ‘accedite
1156 1731 1330 1818 deuocare-’3
1353 1736 1387 1800 in
1406 1733 1494 1822 Imp.
1513 1733 1628 1800 Const.
1646 1733 1729 1798 Cod.
1826 1811 1833 1824 ,

117 1865 144 1910 x
179 1847 232 1930 64,
266 1851 282 1911 1
320 1845 505 1912 ‘medearis'
526 1845 728 1911 &curatores
753 1841 877 1927 attint,
900 1843 934 1908 in
958 1839 1042 1908 Ood.
1066 1841 1193 1908 Theod.
1228 1863 1254 1908 x
1285 1841 1339 1928 22,
1366 1846 1380 1907 1
1413 1841 1572 1908 ‘bucculas
1596 1853 1732 1929 tegerent

119 1966 250 2040 arpento
274 1965 304 2018 et
326 1950 542 2034 decorarent?
572 1961 727 2038 quattuor
756 1974 863 2038 paene
893 1950 1034 2016 saeculis
1065 1959 1140 2016 ante
1153 1950 1253 2048 'apud
1277 1947 1437 2016 Senecam
1466 1951 1499 2014 in
1524 1949 1665 2036 epistula
1689 1949 1730 2014 76

119 2061 176 2127 ubi
200 2069 250 2128 est
267 2059 348 2126 '‘cue'
369 2063 538 2126 deauratae
561 2058 768 2127 cat-balteaa’.
829 2057 937 2142 Quem
968 2056 1122 2125 Senecae
1146 2057 1255 2124 locum
1278 2081 1320 2123 ne
1350 2057 1424 2142 quis
1447 2065 1598 2144 urgueat.
1644 2055 1731 2122 Nam

120 2168 268 2236 Senecae
293 2169 474 2235 orationem
496 2191 563 2234 non
586 2190 622 2234 se
644 2167 811 2256 adplicare
841 2165 1104 2253 adscriptorum
1136 2161 1332 2252 optimorum
1357 2166 1413 2250 qui
1442 2175 1518 2230 ante
1542 2189 1616 2232 eum
1640 2173 1732 2230 erant

120 2278 304 2364 exemplum
329 2285 362 2343 ct
386 2277 461 2343 c'um
482 2276 704 2344 locutionibus
728 2275 859 2363 aprimi
883 2275 1006 2352 saeculi
1029 2297 1091 2340 usu
1108 2273 1372 2361 discrepantibus
1395 2281 1465 2340 tum
1489 2269 1660 2339 uocabulis
1675 2279 1732 2336 aut

119 2386 248 2452 conatis
277 2387 346 2451 aut'
361 2409 408 2452 ex,
425 2406 487 2452 usu
512 2384 678 2468 cotidiano
709 2383 865 2450 humilius
894 2383 1020 2450 haustis
1049 2382 1216 2450 abundare
1246 2390 1385 2448 constat.
1433 2378 1533 2464 Quod
1562 2380 1642 2446 satis
1667 2379 1732 2445 iam

120 2494 258 2560 docetur
279 2493 320 2558 iis
342 2515 427 2578 quae
447 2491 645 2558 incoharunt
666 2490 914 2576 Boehmerus
937 2491 972 2557 in
995 2491 1223 2557 dissertatione
1249 2488 1294 2555 de
1318 2488 1359 2554 L.
1376 2487 1534 2554 Annaei
1550 2485 1731 2556 Senecae

119 2593 333 2667 latinitate
353 2597 494 2686 (Olenae
514 2598 617 2687 1840)
639 2609 675 2666 et
697 2597 888 2686 Opitzius
912 2599 944 2664 in
968 2598 1191 2686 specimine
1214 2597 1487 2684 lexicologiae
1511 2605 1731 2684 argenteae

119 2707 344 2774 latinitatis
369 2705 572 2792 (Numburgi
598 2707 709 2793 1852).
735 2745 777 2754 -
807 2706 918 2772 Paene
949 2706 1038 2772 idem
1068 2705 1157 2791 quod
1186 2704 1228 2770 de
1257 2705 1387 2770 nomine
1417 2703 1582 2771 adiectiuc
1611 2703 1733 2769 deau-

120 2818 232 2880 ratus
256 2815 277 2880 a'
298 2839 359 2882 um
383 2803 580 2899 dixi,·cadit
602 2815 636 2879 in
659 2813 797 2880 uerbum
820 2813 1040 2881 obturandi
1070 2835 1134 2901 quo
1158 2811 1350 2878 scholiastes
1373 2833 1452 2877 usus
1477 2811 1584 2878 estin
1608 2810 1731 2877 schoho

121 2921 162 2986 ad
196 2941 234 2988 ιι
267 2922 310 2987 45
343 2920 434 3010 ‘qaia
455 2924 565 2986 concio
577 2923 721 3010 flamine
744 2921 904 2988 obturcait
927 2921 1047 2988 Cacsar
1073 2945 1133 3011 per
1156 2943 1235 3008 quoe
1258 2921 1416 3006 stipendio
1443 2919 1610 2985 ueniebant
1633 2918 1732 2984 Pom·

114 3025 194 3115 pei'.
242 3027 342 3112 Quod
369 3028 593 3095 obturandi
624 3028 762 3095 uerbum
793 3028 921 3124 etiamsi
952 3028 1043 3116 apud
1067 3027 1262 3095 Ciceronem
1291 3035 1325 3093 et
1346 3025 1521 3092 Horatium
1545 3027 1732 3093 inueniatur

120 3158 228 3220 neque
248 3136 480 3224 ‘grammaticis
511 3135 618 3202 adhuc
642 3135 796 3202 uideatur
826 3137 860 3202 in
885 3137 1106 3223 suspicionem
1129 3135 1279 3221 uenisse,
1311 3134 1463 3220 equidem
1492 3134 1636 3221 uulgaris
1666 3157 1733 3201 ser-

120 3243 226 3308 monis
249 3265 326 3310 esse
347 3245 477 3310 censeo.
525 3243 613 3312 sane
635 3244 668 3310 id
691 3244 813 3332 legitur
834 3267 934 3332 prosa
957 3244 1103 3311 oratione
1133 3243 1223 3332 apud
1247 3241 1407 3310 Catonem
1432 3239 1627 3309 Ciceronem
1649 3241 1733 3309 Var-

120 3351 234 3416 ronem
249 3349 439 3417 Vitruuium
464 3348 681 3417 Columellam
704 3351 848 3417 Plinium
872 3350 1079 3437 Marcellum,
1106 3360 1139 3417 et
1162 3350 1252 3438 apud
1274 3350 1429 3416 Plautum
1444 3349 1639 3418 Lucretium
1662 3349 1733 3415 Ho-
1811 3433 1814 3440 ,

121 3459 240 3524 ratium
269 3467 394 3546 poetas.
443 3456 595 3542 Quantus
631 3459 829 3545 scriptorum
863 3459 962 3525 ordol
1015 3458 1148 3544 Quanta
1181 3457 1443 3524 testimoniorum
1479 3458 1588 3550 copial
1642 3456 1733 3542 Quid

121 3567 222 3633 uero?
269 3567 322 3632 Ex
345 3567 396 3634 his
420 3590 504 3653 quos
528 3567 626 3634 modo
649 3567 782 3634 laudaui
805 3568 853 3633 rei
876 3567 1019 3635 rusticae
1044 3567 1222 3652 scriptores
1246 3574 1323 3632 suut
1344 3573 1423 3660 tres,
1454 3566 1572 3652 quibus
1596 3575 1732 3650 quartur

123 3673 296 3740 addendus
321 3683 372 3741 est
395 3671 538 3741 Sabinus
566 3675 645 3741 Tiro
670 3699 688 3740 e
712 3675 805 3741 cuius
828 3674 912 3741 libro
935 3672 1102 3762 Cepurion
1120 3673 1247 3740 Plinius
1270 3696 1355 3759 quae
1384 3693 1449 3738 rnx
1478 3675 1529 3756 10,
1558 3673 1600 3738 58
1635 3671 1735 3738 habet

123 3782 300 3868 excerpsit,
324 3782 443 3848 medici
467 3781 543 3867 duo,
567 3803 643 3850 nam
666 3783 749 3850 alter
771 3783 872 3848 Plinii
894 3783 997 3872 lpcus,
1021 3802 1073 3850 xx
1100 3784 1131 3867 6,
1159 3784 1199 3848 21
1225 3779 1345 3848 medici
1368 3779 1540 3846 cuiusdam
1562 3779 1663 3847 libris
1677 3779 1744 3845 de:

122 3890 237 3974 betur,
268 3889 353 3956 'alius
377 3889 577 3957 architectus
613 3891 696 3958 alius
720 3873 964 3957 comoediarum
999 3891 1082 3956 alius
1105 3913 1292 3956 sermonum
1316 3888 1472 3974 scriptor:
1502 3899 1602 3973 atque
1624 3888 1733 3974 ipsum

122 4020 227 4086 genus
251 3997 403 4063 nimirum
428 3996 563 4064 adducit
586 3999 729 4066 comicos
762 3999 954 4066 satiricosue
983 3993 1099 4085 poetas
1129 3997 1218 4082 cogit
1235 3995 1381 4062 medicos
1409 3993 1510 4064 trahit
1537 3994 1733 4061 architectos

121 4105 169 4172 rei
192 4107 334 4172 rusticae
358 4105 537 4193 scriptores
564 4111 677 4174 omnes
707 4106 848 4192 denique
878 4105 991 4192 quiin
1015 4103 1190 4172 scribendo
1214 4102 1394 4190 quamlibet
1423 4109 1526 4168 artem
1550 4111 1608 4169 aut
1630 4100 1734 4189 quod-

121 4214 203 4281 libet
226 4213 393 4299 opificium
415 4219 570 4308 tangunt,
600 4213 649 4280 uti
672 4214 714 4280 ad
744 4213 900 4281 cotidiani
928 4235 1008 4288 usus
1033 4222 1066 4280 et
1093 4212 1305 4279 tabernarum
1333 4211 1496 4277 uocabula
1520 4209 1733 4278 descendant.

122 4323 170 4387 At
193 4320 362 4387 Ciceronis
387 4330 421 4387 et
443 4321 591 4389 Lucretii
614 4330 742 4389 restant
763 4322 828 4388 loci
852 4331 886 4388 et
909 4322 1050 4388 obstant.
1109 4307 1210 4404 Quod
1232 4320 1267 4386 in
1288 4319 1386 4386 huius
1410 4318 1557 4397 carmine¹
1587 4335 1642 4384 1111
1669 4317 1733 4382 867

123 4429 291 4495 inuenitur
320 4428 488 4516 ‘patentem
511 4453 573 4516 per
595 4431 736 4496 membro
760 4454 796 4495 cc
819 4453 915 4496 aenae
937 4442 973 4495 ut
1005 4453 1144 4508 amorem
1168 4429 1288 4495 obturet
1309 4425 1442 4511 edendi’,
1470 4450 1537 4494 non
1564 4425 1735 4494 mirabitur

125 4537 181 4623 qui
204 4536 440 4604 uocabulorum
467 4537 743 4604 Lucretianorum
766 4545 801 4604 et
821 4537 965 4616 indolem
991 4546 1026 4602 et
1048 4536 1262 4604 differentiam
1286 4535 1474 4602 adcuratius
1503 4534 1733 4622 explorauerit.

125 4643 243 4710 Cicero
266 4669 345 4712 uero
370 4645 411 4711 de
434 4647 501 4712 fato
525 4647 595 4714 ch
618 4669 766 4714 sermone
790 4667 925 4732 prorsus
949 4645 1064 4712 humili
1086 4645 1199 4731 utitur,
1222 4667 1298 4710 cum
1320 4643 1399 4710 facit
1410 4643 1578 4729 Zopyrum
1600 4635 1735 4729 physio'·

125 4776 322 4841 gnomonem
352 4753 515 4820 dicentem
544 4751 719 4841 ‘stupidam
742 4776 803 4820 esse
825 4751 989 4820 Socratem
1017 4765 1045 4818 et
1075 4754 1225 4818 herdam.-
1254 4753 1338 4838 quod
1363 4751 1475 4838 iugulo
1506 4773 1645 4828 coerceo
1673 4771 1735 4814 non
