4102 5732
802 383 1021 448 ..17-

103 600 129 646 11
156 581 233 666 225,
268 599 291 645 v
319 580 360 646 27
394 579 471 666 396,
506 597 542 644 vr
566 580 641 664 179,
676 578 823 663 711855,
858 598 885 642 x
910 581 983 646 187.
1042 580 1131 646 Ante
1162 589 1289 647 sextum
1318 580 1421 670 igitur
1449 583 1617 650 saeculum
1650 609 1718 652 non

104 691 166 756 fuit
194 685 419 756 scholiastes(
456 687 523 770 Qui
552 688 670 772 quibus
698 687 914 774 scriptoribus
941 697 1073 774 praeter
1099 697 1274 773 utrumque
1308 689 1407 754 modo
1441 691 1611 763 laudatum
1637 715 1717 760 usus

106 799 158 882 sit,
182 798 253 883 ipse
277 820 344 862 non
366 795 500 880 indicat,
525 795 806 886 peruertigatione
830 799 940 861 autem
965 795 1122 862 adcurata
1144 815 1253 862 rerum
1270 778 1474 882 aliquatenus
1498 777 1635 886 reperiri
1657 823 1717 888 po·

104 906 191 971 terit.
227 905 269 969 In
294 901 417 969 scholio
442 904 485 970 ad
511 924 526 969 1
553 905 618 971 665
641 905 796 990 leguntur
819 903 918 993 baec:
946 901 1060 969 ‘Oru'ou
1084 907 1215 991 quidum
1232 927 1326 991 puer.
1351 910 1403 971 777
1424 929 1536 972 nomeu
1560 909 1599 972 ab
1622 912 1718 973 77777

103 1016 278 1100 inpositum
301 1025 353 1078 777.
403 1012 610 1078 Postmodum
633 1035 708 1077 7777
732 1024 867 1076 77777777
890 1013 1013 1100 effectus
1051 1035 1120 1076 7777
1153 1013 1246 1077 uellet
1277 1011 1347 1076 7777
1370 1013 1484 1078 Dieuc
1507 1017 1717 1098 concumbere,

104 1127 170 1188 7777
194 1125 319 1209 77977777
343 1125 462 1186 occisus
485 1135 531 1186 777
552 1133 582 1186 77
598 1117 733 1186 'deorum
755 1123 956 1185 miseratione
978 1121 1096 1184 7777777
1119 1123 1202 1184 77777
1224 1119 1349 1184 sideru.²
1385 1119 1480 1187 Haec
1505 1145 1546 1187 ex
1568 1123 1609 1188 iis
1633 1145 1717 1208 quae

105 1229 242 1296 Seruius
271 1228 314 1294 ad
337 1227 440 1316 Verg.
465 1230 550 1294 Aen.
578 1229 679 1294 1539
709 1227 1041 1322 narrauit-excerpta
1069 1248 1142 1310 esse
1173 1229 1372 1313 argumentis
1403 1227 1554 1294 euincere
1577 1253 1644 1294 non
1667 1239 1719 1296 est

104 1361 205 1424 opus:
235 1360 289 1402 res
311 1337 385 1424 ipsa
414 1345 448 1402 et
471 1337 557 1403 oculi
582 1323 773 1414 docebunt}
806 1333 891 1400 Sunt
919 1335 1004 1400 eninr
1028 1333 1116 1419 apud
1142 1332 1293 1400 Seruium
1317 1335 1415 1400 haec:
1448 1333 1637 1422 ‘Oenopion
1660 1361 1718 1403 rex

105 1469 180 1512 eum
202 1445 323 1510 liberos
347 1467 414 1509 non
436 1439 586 1528 haberet,
611 1462 631 1510 a
654 1445 736 1509 Ioue
759 1443 919 1530 Neptuno
944 1435 1166 1507 et'Merourio
1190 1443 1256 1528 (uel
1279 1453 1317 1508 ut
1339 1443 1472 1528 quidam
1494 1443 1630 1510 tradunt
1651 1469 1718 1511 non

105 1554 307 1640 aNeptuno
337 1551 397 1619 sed
426 1575 446 1616 a
473 1551 599 1639 Marte)
622 1533 711 1636 ¹quos
740 1551 885 1638 bospitio
916 1557 1122 1634 susceperat,
1154 1549 1361 1616 hortantibus
1392 1560 1429 1615 ut
1458 1552 1498 1617 ab
1526 1553 1567 1616 iis
1596 1552 1718 1638 aliquid

103 1661 302 1748 postularet,
333 1659 429 1746 petiit
451 1669 489 1724 ut
512 1660 574 1726 sibi
598 1651 818 1726 consederent
847 1659 983 1724 liberos:
1013 1657 1060 1722 illi
1090 1657 1176 1722 intra
1204 1659 1329 1724 corium
1352 1659 1508 1724 immolati
1531 1659 1595 1724 sibi
1623 1661 1718 1725 bouis

104 1769 199 1835 urina
221 1769 309 1834 factu
332 1777 575 1855 praeceperunt
598 1777 636 1833 ut
664 1768 817 1833 obrutum
839 1774 929 1831 terra
953 1765 1124 1852 completis
1154 1767 1308 1832 maternis
1331 1765 1500 1832 mensibus
1525 1767 1717 1834 solueretur.
1777 1785 1781 1794 ’

105 1875 181 1960 Quo
211 1865 299 1940 facto
329 1875 484 1940 inuentus
515 1883 565 1940 est
588 1897 671 1962 puer
694 1879 746 1939 777
773 1897 885 1938 nomeu
909 1875 949 1938 ub
976 1877 1073 1938 urina
1095 1877 1279 1959 impositum
1308 1883 1345 1939 ut
1378 1871 1507 1964 Oriplwu
1537 1874 1717 1968 diceretur:

105 1984 195 2070 quod
224 1983 350 2048 Dorica
376 1983 488 2071 lingua
516 1991 749 2048 commutatum
779 1989 830 2046 est
858 1991 895 2046 ut
925 2001 964 2046 eo
1000 1981 1079 2066 diph
1082 1981 1263 2068 t'hongus
1253 2005 1288 2046 rn
1323 2007 1341 2046 a
1369 1990 1563 2048 uerteretur.
1620 1981 1719 2064 Quod

105 2101 214 2158 autem
242 2091 436 2184 plerumque
465 2091 572 2178 prima
601 2090 729 2177 syllaba
755 2088 867 2154 breuis
896 2089 1063 2154 inuenitur
1089 2098 1126 2154 ut
1154 2089 1218 2154 hoo
1246 2089 1320 2154 loco
1350 2113 1424 2156 oum
1453 2091 1498 2156 sit
1527 2091 1720 2158 naturaliter

103 2200 214 2286 longa,
240 2197 390 2264 Graecae
413 2191 549 2263 rationis
574 2207 640 2264 est.
666 2220 741 2262 nam
765 2196 821 2262 det
808 2196 925 2262 tractio
949 2197 987 2261 fit
1009 2221 1029 2262 7
1052 2197 1182 2262 litterae
1207 2205 1240 2263 et
1263 2223 1281 2264 o
1307 2207 1453 2263 remanet
1480 2197 1607 2264 breuis:
1639 2221 1720 2284 quo-

104 2305 269 2372 modo*
228 2306 330 2396 capaci
354 2333 387 2372 τε
412 2305 560 2372 aurdanau
583 2329 644 2392 pro
669 2304 749 2394 ὄρεα
775 2313 809 2370 77
833 2303 960 2392 77677777
982 2321 1043 2390 pro
1067 2311 1215 2392 77777777.
1262 2303 1309 2370 Et
1336 2305 1399 2371 hoe
1428 2306 1505 2391 quia
1528 2331 1553 2372 7
1583 2314 1634 2372 est
1663 2331 1720 2372 na·

104 2415 253 2481 turaliter
283 2415 398 2500 longas
430 2422 487 2479 aut
511 2439 549 2480 ov
573 2411 808 2500 diphthongus.
862 2409 1020 2477 Ceterum
1048 2412 1076 2476 si
1103 2412 1141 2476 fit
1162 2412 1198 2476 in
1220 2407 1354 2498 proprio
1384 2413 1515 2478 nomine
1543 2413 1720 2479 dichronas

104 2534 142 2590 ut
164 2545 277 2590 omnes
293 2522 434 2588 Latinae
459 2529 535 2586 sunt
549 2515 766 2608 ¹propriorum
786 2520 953 2584 nominum
977 2520 1148 2585 abutamur
1165 2519 1304 2586 licentia
1321 2529 1364 2594 ,ut
1386 2521 1420 2586 in
1436 2520 1575 2587 Artibus
1598 2522 1721 2588 lectum

107 2641 166 2697 est.
205 2632 305 2696 07777
328 2653 401 2718 erpo
419 2642 533 2716 postea
556 2642 686 2694 uenator
699 2629 811 2714 fuctus
834 2628 927 2693 uelut
940 2628 1041 2692 trium
1064 2636 1238 2714 parentum
1253 2627 1380 2694 uiribus
1400 2629 1480 2694 fisus
1505 2651 1575 2694 7777
1591 2631 1720 2694 Diuuue

104 2743 171 2803 uim
199 2739 294 2803 777777
320 2739 437 2825 inferre
467 2745 505 2802 ut
526 2736 687 2802 Horatius
718 2736 797 2823 dicit
827 2739 893 2800 7777
921 2739 1046 2823 77977777
1077 2739 1195 2800 occisus
1225 2750 1285 2801 cat.-
1314 2745 1351 2800 ut
1373 2737 1548 2820 Lucanus,
1576 2736 1719 2802 immisso

106 2845 278 2932 scorpione
308 2845 406 2932 periit
434 2847 487 2910 7777
508 2846 638 2914 deorum
660 2839 862 2908 777777777777
890 2845 1010 2908 7777777
1032 2846 1114 2906 77777
1137 2845 1242 2908 sideru
1270 2843 1400 2931 signum
1437 2845 1600 2910 famosum
1638 2853 1720 2909 tem-

104 2953 289 3042 pestatibus
316 2950 414 3020 fecit!
460 2952 598 3017 Praeter
622 2950 775 3017 Seruium
800 2949 947 3016 eiusdem
970 2973 1076 3036 paene
1101 2951 1217 3016 aetatis
1246 2951 1441 3036 scriptorem
1465 2950 1621 3016 Orosium
1645 2951 1719 3018 dieo

105 3088 124 3127 a
147 3061 324 3128 scholiasta
346 3069 461 3126 nostro
484 3051 588 3124 fuisse
611 3059 733 3124 lectum
759 3068 792 3124 et
816 3067 1008 3144 excerptum
1032 3057 1262 3124 demonstrabo
1293 3081 1331 3124 ac
1355 3083 1396 3124 ne
1421 3060 1494 3144 quis
1517 3061 1602 3125 forte
1627 3060 1721 3126 dubi-

104 3179 154 3235 tet
187 3170 319 3254 integra
350 3165 463 3234 Orosii
491 3168 594 3234 uerba
617 3189 790 3253 apponam.
836 3166 879 3230 In
911 3188 962 3230 eo.
982 3165 1083 3251 igitur
1114 3165 1236 3231 scholio
1274 3165 1364 3250 quod
1397 3176 1448 3232 est
1474 3165 1517 3231 ad
1545 3185 1569 3230 11
1602 3169 1644 3232 70
1679 3168 1720 3233 de

105 3277 213 3342 Mario
238 3285 271 3340 et
294 3273 388 3363 Sylla
411 3275 519 3362 agitur
542 3275 654 3340 uerbis
678 3273 766 3338 haud
789 3297 862 3339 raro
887 3282 1036 3339 ueterum
1052 3264 1250 3359 scriptorum
1273 3274 1448 3360 imaginem
1472 3297 1510 3340 ae
1534 3297 1650 3340 sonum
1673 3276 1721 3340 ita

106 3383 323 3449 referentibus
346 3390 384 3446 ut
412 3383 557 3468 suspicio
584 3390 756 3447 moueatur
785 3405 824 3447 ea
848 3405 887 3446 ex
910 3380 1019 3446 Vellei
1042 3380 1132 3444 Flori
1155 3383 1288 3467 Ampeli
1317 3382 1454 3447 aliorum
1482 3381 1575 3446 libris
1604 3383 1720 3448 hausta

106 3513 178 3558 esse
203 3502 236 3556 et
259 3491 465 3556 concinnata.
511 3490 560 3554 At
588 3489 634 3556 nil
665 3489 826 3556 eiusmodi
850 3511 933 3575 opus
956 3499 1017 3554 est.
1066 3488 1246 3556 Videamus
1273 3485 1348 3577 ipsa'
1369 3491 1482 3556 uerba.
1529 3490 1571 3554 In
1596 3490 1719 3556 scholio

106 3607 184 3666 sunt
197 3599 297 3664 haec=
331 3596 446 3685 ‘Sylla
460 3597 539 3662 'dux
565 3598 797 3681 Romanorum,
822 3598 932 3665 iussus
956 3597 1124 3683 suscipere
1142 3597 1352 3663 eratbellum·
1373 3607 1487 3663 contra
1506 3587 1736 3664 Metridarem'

105 3710 139 3772 in
161 3707 254 3772 Asia.
301 3705 431 3770 Marius
455 3705 513 3789 qui
542 3705 664 3792 septies
696 3707 804 3770 fuerat
833 3706 948 3770 consul
982 3704 1157 3772 affectabat
1183 3705 1255 3791 ipse
1283 3705 1366 3778 illud
1398 3705 1522 3770 bellum
1550 3728 1719 3792 peragere.

108 3815 176 3894 Quo
201 3813 296 3902 spuo
327 3803 470 3900 capuita,
499 3816 552 3877 777
575 3815 763 3898 impatiens,
792 3835 861 3877 7777
890 3825 1040 3899 quattuor
1063 3814 1238 3900 lapiour'bua
1267 3822 1383 3879 contra
1412 3835 1486 3879 eum
1515 3813 1577 3878 iuit
1604 3813 1720 3879 uolens

107 3922 204 3986 etiam
227 3921 342 3986 urbem
364 3920 552 3986 incendere.
589 3910 717 3986 Marius
741 3943 820 3986 uero
845 3941 1061 4006 quoscunque
1084 3921 1193 4006 potuit
1216 3921 1315 3986 etiarn
1338 3921 1490 3986 seruilem
1513 3945 1645 3986 manum
1668 3943 1720 4008 ape
1803 3957 1806 3964 =

106 4017 234 4094 77777777
188 4033 261 4094 7777
284 4039 399 4094 contra
423 4019 498 4094 eum
520 4029 606 4094 frust
592 4037 643 4094 tra
666 4028 812 4093 armauit.
854 4027 920 4112 Qui
943 4052 1019 4094 mox
1035 4041 1113 4114 poet
1132 4051 1284 4116 77777777
1308 4019 1431 4094 conclaui
1454 4051 1584 4094 77777777
1606 4033 1641 4092 77
1658 4028 1719 4093 Cu-

100 4141 170 4223 pito
141 4139 253 4202 toltum
274 4135 361 4222 fugit
384 4145 417 4202 et
441 4159 516 4202 cum
538 4137 584 4202 ihi
607 4144 695 4202 esset
719 4158 899 4223 oppressus
922 4137 1041 4202 iterum
1054 4138 1223 4223 77777777Ι
1209 4162 1245 4200 77
1261 4137 1529 4201 Minturnensium
1545 4137 1721 4222 paludibus

105 4247 196 4332 infel
182 4248 227 4310 777
228 4257 274 4310 777
297 4246 362 4309 77777
332 4243 524 4310 tdelituit
551 4244 694 4328 indeque
712 4257 896 4330 protractus
921 4257 951 4309 77
972 4248 1153 4309 Minturnas
1176 4245 1324 4309 deductus
1348 4257 1567 4330 contrususque
1590 4249 1625 4308 777
1648 4267 1720 4308 7777-

107 4375 205 4417 777777
222 4373 439 4438 percussorem
463 4354 505 4418 777
526 4375 557 4417 77
579 4357 709 4417 77777777
731 4354 796 4417 7777
813 4356 884 4416 7777
908 4376 946 4417 au
949 4356 1070 4418 7777777.
1050 4354 1234 4417 71777777
1251 4355 1357 4438 lapsus
1381 4353 1519 4418 7777777
1521 4355 1548 4414 77
1571 4355 1607 4415 77
1624 4353 1720 4438 Afiu'-

108 4483 177 4524 cam
201 4461 373 4546 trauafupa't
395 4459 601 4546 collectoque
626 4460 773 4526 exercitu
797 4465 942 4526 77777777
963 4463 1101 4526 Remum
1124 4483 1265 4526 reuersus
1290 4461 1407 4527 Ca'uuuc
1431 4461 1553 4524 7777777
1575 4463 1720 4524 societate

107 4570 257 4632 7777777777
280 4571 403 4632 7777777
427 4581 481 4650 cst,
506 4569 562 4653 qui
586 4569 742 4634 continuo
766 4590 878 4634 omnes
909 4567 1015 4632 socios
1045 4567 1087 4633 de
1117 4568 1213 4633 exilio
1239 4577 1272 4633 et
1294 4567 1436 4632 uinculis
1465 4559 1617 4632 liberauit
1641 4567 1720 4632 ciui-

109 4686 276 4760 tatemque
305 4680 463 4763 impressus
480 4679 640 4762 plurimos
672 4678 848 4741 consulares
871 4679 958 4741 77777
981 4677 1140 4763 interfecit
1170 4685 1203 4740 et
1230 4675 1402 4740 maximam
1432 4683 1560 4762 partem
1588 4669 1718 4761 plebis’

108 4782 178 4850 Iam
207 4805 287 4850 uero
318 4781 429 4849 Orosii
453 4784 555 4849 uerba
578 4781 748 4850 uideamus
764 4805 856 4869 quae
881 4793 958 4848 sunt
979 4784 1014 4848 in
1045 4783 1114 4848 eius
1145 4780 1298 4848 Chronic.
1324 4802 1346 4846 v
1372 4783 1427 4847 18:
1458 4781 1597 4848 ‘Marius
1628 4781 1720 4870 Sylla
