4102 5732
979 419 1198 484 ..13-

283 616 418 684 consule
449 624 563 716 contra
592 613 819 680 Mithridatem
846 593 1110 700 (Metridatemi)
1139 616 1173 679 in
1196 617 1311 682 Asiam
1341 641 1416 684 cum
1446 621 1592 685 exercitu
1621 623 1830 707 profecturus
1860 623 1894 686 in

283 724 497 810 Campaniam
525 734 633 789 tamen
662 731 797 808 propter
827 723 956 788 socialis
990 721 1069 788 belli
1098 723 1253 808 reliquias
1289 727 1508 792 consistentes
1539 731 1698 816 affectauit
1730 735 1895 816 septimum

282 835 478 898 consulatum
502 845 532 896 et
555 833 669 896 bellum
692 833 846 916 suscipere
870 831 1135 895 Mithridaticum.
1183 829 1258 914 Quo
1284 829 1376 918 Sylla
1400 835 1543 920 cognita,
1571 840 1738 922 impatiens
1760 860 1795 902 re
1817 861 1895 903 uera

281 945 404 1007 iureenis
432 941 714 1026 intemperataque
744 938 792 1002 ira
821 937 978 1024 percitus,
1010 921 1080 1002 cuin
1111 955 1159 1002 ΗΠ
1194 941 1370 1026 legionibus
1392 941 1533 1026 primum
1552 952 1644 1009 ,ante
1673 944 1789 1009 urbem
1817 967 1895 1010 con·

283 1037 369 1115 sedit
390 1047 447 1113 ubi
464 1045 652 1112 Gratidium
668 1046 768 1110 Marii
790 1045 935 1132 legatum
959 1047 1053 1130 quasi
1076 1046 1215 1132 primam
1238 1047 1403 1112 uictimam
1428 1049 1506 1114 belli
1530 1049 1635 1116 ciuilis
1656 1051 1793 1117 occidit:
1818 1075 1895 1117 mox

282 1157 397 1223 urbem
414 1179 489 1221 cum
505 1155 652 1220 exercitu
667 1154 801 1240 irrupit:
817 1157 909 1241 faces
934 1156 976 1219 ad
996 1156 1260 1241 inflammandam
1282 1155 1392 1220 urbem
1409 1161 1566 1242 poposcit.
1614 1156 1776 1224 Omnibus
1803 1137 1894 1226 metu
1999 1149 2003 1158 ’

282 1265 422 1332 addictis
445 1287 507 1351 per
531 1261 668 1329 Sacram
689 1262 788 1327 Viam
818 1261 883 1328 cito
907 1262 1036 1350 agmine
1059 1262 1093 1327 in
1116 1263 1223 1327 forum
1246 1262 1346 1328 uenit.
1371 1267 1497 1328 Marius
1521 1287 1596 1330 cum
1618 1289 1812 1351 permonere
1835 1291 1894 1332 no-

280 1374 451 1456 bilitatem,
475 1371 675 1436 inflammare
699 1369 840 1456 plebem,
866 1379 1052 1454 equestrem
1069 1369 1187 1435 deinde
1213 1369 1358 1435 ordinem
1382 1393 1568 1456 perarmare
1592 1372 1752 1439 aduersus
1769 1372 1893 1460 Syllam
2006 1363 2013 1372 ⁸

280 1483 402 1546 frustra
425 1487 603 1562 tentasset,
633 1486 800 1569 postremo
830 1481 928 1542 seruis
950 1499 1003 1564 spe
1027 1467 1197 1542 libertatis*
1214 1487 1247 1542 et
1274 1478 1419 1566 praedae
1450 1481 1492 1543 ad
1516 1503 1607 1544 arma
1629 1483 1809 1546 sollicitatis
1837 1505 1895 1548 ne·

282 1589 457 1675 quiequam
484 1609 670 1672 repugnare
701 1585 788 1652 ausis
819 1587 944 1654 tandem
974 1589 1009 1649 in
1039 1584 1233 1670 Capitolium
1263 1591 1420 1652 concessit.
1475 1585 1543 1653 Sed
1572 1611 1646 1654 cum
1677 1612 1715 1654 eo
1740 1588 1893 1676 Syllanae

282 1697 433 1764 cohortes
457 1693 640 1776 irruissent,
663 1717 783 1780 mapna
805 1715 933 1757 snorum
957 1693 1048 1757 caede
1071 1693 1208 1782 diffwit.
1255 1693 1309 1760 Ibi
1339 1687 1419 1760 tuno
1448 1691 1613 1782 Sulpicius
1637 1697 1737 1762 Marii
1767 1698 1895 1784 collega

282 1827 378 1871 seruo
403 1827 462 1870 suo
486 1797 648 1896 prodente
671 1807 856 1887 prostratus
882 1808 941 1867 est.
989 1797 1129 1866 Seruum
1159 1813 1240 1868 ue'ro
1269 1804 1377 1889 ipsum
1406 1803 1494 1889 quod
1522 1803 1650 1870 hostem
1678 1806 1894 1892 indicauerat,

282 1892 477 1996 manumitti,
503 1908 591 1995 quod
607 1915 687 1974 uero
705 1907 871 1973 dominum
894 1907 1098 1994 prodiderat,
1123 1931 1202 1974 saxo
1219 1909 1362 1996 Tarpeio
1388 1911 1472 1976 deici
1488 1913 1641 1978 consules
1666 1913 1893 1983 decreuerunt.

281 2023 408 2086 Marius
421 2021 553 2106 sirpiens
578 2041 653 2084 cum
674 2016 944 2104 persequentium
966 2017 1137 2086 instantia,
1150 2017 1390 2104 circumseptus
1425 2027 1528 2104 esset,
1569 2023 1604 2084 in
1628 2023 1895 2098 llinturnensium

276 2129 454 2216 paludibus
483 2149 543 2192 sese
575 2127 721 2192 abdidit:
757 2127 793 2189 de
823 2125 935 2211 quibus
963 2125 1135 2212 infeliciter
1164 2127 1230 2190 luto
1262 2126 1375 2190 obiitus
1404 2125 1686 2214 ignominioseque
1711 2144 1895 2216 protractus

281 2221 371 2322 turpi
395 2243 504 2299 autem
533 2233 725 2320 spectaculo
750 2235 933 2297 Minturnas
962 2233 1107 2297 deductus
1130 2245 1353 2320 contrususque
1383 2237 1418 2298 in
1441 2224 1597 2300 carcerem
1613 2259 1831 2322 percussorem
1855 2241 1897 2304 ad

240 2339 243 2345 ’
282 2367 312 2410 se
335 2346 464 2408 missum
487 2344 553 2407 soto
577 2344 668 2406 uultu
691 2344 850 2406 interruit.
897 2341 1022 2404 Deinde
1046 2342 1154 2427 lapsus
1178 2364 1193 2406 e
1215 2343 1352 2406 uinculis
1374 2345 1409 2406 in
1431 2343 1586 2429 Africam
1611 2347 1784 2433 transfugit
1809 2347 1896 2412 solli-

283 2451 449 2535 citatoque
474 2472 514 2514 ex
529 2447 630 2514 Utica
653 2449 731 2532 filio,
756 2447 813 2512 ubi
835 2448 863 2512 is
888 2447 1038 2512 custodia
1054 2448 1260 2533 obseruatur,
1285 2453 1429 2539 contnuo
1447 2452 1584 2516 Romam
1607 2475 1762 2538 repressus
1779 2453 1895 2520 Cinnae
1938 2463 1941 2469 “

283 2561 404 2624 consuti
426 2561 575 2623 societate
594 2559 743 2622 scelerum
767 2559 949 2620 coniunctus
976 2567 1029 2620 cst.
1075 2555 1184 2642 Igitur
1212 2557 1254 2620 ad
1284 2557 1524 2644 confligendum
1550 2559 1737 2626 uniuersam
1766 2585 1897 2648 rempu-

220 2663 222 2670 '
282 2666 403 2732 blicam
427 2665 607 2730 exercitum
630 2664 691 2730 sibi
715 2664 749 2728 in
774 2671 927 2747 quattuor
950 2671 1062 2749 partes
1087 2662 1302 2730 diuiserunt.
1327 2717 1334 2732 .
1361 2715 1367 2730 .
1394 2715 1401 2730 .
1426 2669 1467 2750 (c.
1491 2666 1536 2730 42
1559 2667 1711 2734 uersibus
1734 2669 1896 2735 intermis-

282 2774 343 2860 sis)
367 2825 374 2840 .
396 2815 407 2838 ι.
437 2772 520 2838 Post
543 2769 651 2837 Cinna
680 2772 795 2837 consul
825 2793 900 2836 cum
927 2771 1113 2859 legionibus
1144 2785 1173 2838 et
1195 2775 1322 2838 Marius
1352 2795 1422 2838 cum
1442 2775 1599 2860 fupitiuis
1627 2777 1736 2840 urbem
1763 2781 1924 2864 inpressit

281 2881 501 2948 nobilissimos
525 2902 674 2965 quosque
699 2903 717 2946 e
741 2888 859 2946 senatu
883 2888 916 2944 et
932 2863 1092 2965 plurimos
1116 2871 1291 2946 consulares
1313 2885 1400 2950 uiros
1423 2881 1666 2968 interfecerunt?
1868 2879 1873 2886 ’

419 2986 510 3070 Quid
538 2987 572 3051 in
595 2995 688 3052 tanto
718 2995 752 3052 et
773 2987 951 3052 uerborum
974 2973 1014 3052 'et
1045 2989 1280 3054 sententiarum
1310 2998 1473 3078 concentu
1503 2988 1781 3057 demonstratione
1811 3015 1895 3078 opus

283 3105 334 3163 est
357 3095 558 3162 scholiastes
593 3095 688 3180 sequi
704 3093 882 3160 Orosium?
907 3094 990 3177 Quis
1016 3104 1066 3160 est
1090 3096 1168 3180 quin
1192 3097 1297 3183 primo
1314 3097 1424 3162 statim
1448 3107 1584 3184 aspectu
1601 3099 1766 3164 sollertem
1790 3123 1897 3187 gram-

281 3199 392 3269 matici
416 3227 547 3268 manum
571 3211 731 3290 agnoscat
754 3203 961 3289 compilantis
978 3200 1089 3267 Orosii
1113 3199 1305 3290 sapientiam
1330 3213 1363 3270 et
1385 3204 1421 3268 in
1445 3227 1505 3270 sua
1528 3205 1648 3271 scrinia
1670 3209 1896 3275 transferentis

283 3335 322 3378 ea
345 3333 429 3396 quae
453 3335 515 3398 pro
539 3312 648 3399 operis
671 3311 821 3376 instituto
846 3334 863 3376 e
888 3311 1021 3397 copiose
1047 3311 1143 3376 dictis
1166 3311 1201 3375 in
1225 3320 1365 3398 angusta
1397 3311 1600 3379 deduceret?
1653 3314 1774 3400 Itaque
1805 3327 1896 3402 post-

281 3443 379 3506 quam
401 3418 465 3484 hoc
489 3421 562 3484 loco
588 3417 745 3485 Orosium
768 3420 852 3484 inter
876 3418 1071 3502 scholiastae
1102 3427 1252 3486 auctores
1275 3421 1377 3486 fuisse
1402 3422 1634 3508 cognouimus,
1665 3423 1768 3488 multo
1791 3423 1896 3490 fiden-

280 3529 381 3593 tiores
411 3526 641 3614 adgrediemur
672 3536 862 3613 corruptum
891 3527 946 3592 uel
973 3527 1124 3592 mutilum
1153 3528 1262 3592 locum
1292 3527 1347 3614 qui
1376 3537 1427 3593 est
1454 3546 1467 3590 1
1502 3531 1567 3593 473
1602 3547 1767 3594 leuvanis.
1792 3533 1897 3596 insuta

276 3639 429 3722 prosimu
452 3639 473 3700 t
496 3685 503 3700 .
529 3687 537 3700 .
561 3639 621 3700 nie.
668 3635 871 3718 Meuaniam,
895 3633 1055 3701 Umbriae
1079 3635 1195 3702 urbem
1219 3635 1489 3720 antiquissimam,
1519 3659 1593 3702 cum
1617 3659 1715 3702 manu
1738 3636 1813 3702 tum'
1831 3638 1897 3704 loci

281 3753 399 3809 natura
422 3743 690 3828 munitissimam,
719 3744 916 3809 celebratam
940 3749 1076 3830 propter
1093 3740 1187 3808 hiuei
1211 3745 1329 3808 coloris
1353 3753 1516 3828 armenta,
1548 3769 1567 3809 a
1589 3745 1727 3810 Lucano
1753 3746 1895 3811 carmine

221 3861 225 3869 ’
281 3853 373 3940 tangi
396 3851 453 3918 uix
477 3859 527 3918 est
551 3851 640 3936 quod
663 3854 821 3918 moneam.
867 3851 954 3916 Mire
978 3851 1080 3938 igitur
1104 3850 1240 3935 accidit,
1273 3861 1310 3916 ut
1332 3852 1366 3915 in
1390 3851 1523 3918 scholiis
1547 3852 1669 3917 nostris
1692 3875 1759 3917 non
1784 3863 1897 3918 extent

282 3959 399 4024 similia
423 3983 535 4024 eorum
559 3983 643 4045 quae
668 3957 805 4026 Seruius
830 3959 873 4024 ad
895 3959 998 4046 Verg.
1024 3957 1087 4023 Ge.
1115 3960 1226 4025 11146
1251 3959 1438 4038 adnotauit:
1465 3958 1630 4024 ‘Meuania
1653 3983 1732 4046 quae
1749 3985 1830 4047 pars
1853 3975 1899 4026 est

286 4068 447 4150 Umbriae,
465 4071 570 4154 partis
598 4065 743 4133 Tusciae'
767 4067 821 4132 uel
845 4091 956 4132 eorum
980 4090 1064 4152 quae
1086 4067 1119 4131 in
1136 4067 1408 4133 Berolinensibus
1426 4067 1643 4132 etVossianis
1667 4067 1799 4132 scholiis
1822 4077 1910 4132 sunt·

281 4175 463 4263 ‘prouincia
486 4175 602 4240 Italiae
617 4176 760 4262 fecunda
788 4179 897 4240 tauris.
944 4175 1092 4240 Alterius
1116 4174 1286 4240 cuiusdam
1306 4175 1483 4240 Meuaniae
1507 4198 1569 4241 nec
1593 4175 1668 4238 Liu.
1696 4193 1734 4238 lx
1761 4178 1801 4240 41
1833 4199 1895 4240 neo
1945 4209 1947 4212 ·

281 4283 361 4350 Tac.
385 4281 473 4346 Hist.
509 4297 546 4344 111
574 4281 627 4367 55,
653 4283 706 4347 59.
754 4305 816 4348 neo
848 4282 933 4346 Plin.
969 4301 1006 4346 111
1044 4285 1093 4347 14.
1139 4301 1241 4346 xxxv
1279 4283 1331 4366 14,
1369 4283 1419 4346 19.
1467 4305 1528 4348 nec
1565 4281 1702 4348 Sueton.
1740 4281 1811 4348 Cal.
1841 4283 1894 4348 43.

266 4373 343 4456 ¹nec
366 4389 506 4456 Ptolem.
540 4408 578 4452 111
604 4389 702 4475 1,54
734 4391 932 4456 mentionem
955 4392 1079 4456 faciunt
1105 4415 1167 4456 neo
1197 4389 1312 4454 Itiner.
1333 4389 1413 4482 Ant.
1445 4415 1478 4477 p.
1508 4391 1570 4455 311
1603 4392 1649 4456 ita
1681 4391 1827 4477 quidem,
1852 4401 1896 4460 ut

280 4499 316 4562 in
347 4498 612 4585 geographorum
641 4498 748 4563 lexico
777 4498 1002 4564 laudatissimo
1032 4522 1051 4562 a
1081 4497 1171 4564 Guil.
1205 4495 1343 4564 Smithio
1373 4499 1545 4584 conposito
1575 4487 1699 4584 (hond.
1728 4499 1828 4584 1857)
1853 4523 1894 4564 ne

281 4606 420 4671 uerbum
443 4606 576 4691 quidem
607 4607 647 4672 de
672 4607 774 4672 altero
804 4606 947 4692 quodam
972 4606 1118 4672 eiusdem
1148 4605 1288 4672 nominis
1317 4605 1441 4693 oppido
1470 4606 1620 4671 addatur.
1667 4605 1767 4670 Vnde
1795 4595 1919 4693 igitur¹

282 4713 494 4802 grammatico
518 4724 631 4781 nostro
654 4723 722 4780 tam
745 4723 872 4779 remota
894 4713 1138 4780 reconditarum
1161 4715 1343 4779 litterarum
1367 4714 1527 4780 scientia?
1563 4711 1744 4779 Cuiusnam
1767 4713 1893 4778 insulae

282 4822 412 4886 nomine
438 4823 645 4908 explebimus
668 4824 820 4888 lacunam
843 4823 929 4888 inter
953 4821 1079 4888 litteras
1102 4826 1122 4888 t
1146 4831 1179 4888 et
1203 4826 1296 4888 ..nie
1320 4845 1433 4887 rasura
1457 4822 1594 4920 ortam?¹
1619 4822 1689 4886 Iam
1712 4821 1803 4906 uide,
1828 4843 1892 4904 quo
