4102 5732
279 1891 327 2026 lu
357 1956 405 2028 M.
429 1961 559 2028 Annaei
587 1959 717 2026 Lucani
748 1957 877 2043 codice,
910 1959 966 2044 qui
993 1981 1011 2024 e
1035 1957 1171 2026 Buharii
1200 1957 1399 2026 bibliotheca
1426 1957 1460 2024 in
1490 1956 1722 2025 bibliothecam
1753 1957 1886 2025 scholae

280 2069 481 2136 medicorum
497 2065 809 2156 Montepessulanae
833 2067 1012 2134 translatus
1036 2075 1088 2133 est
1110 2069 1270 2152 cuiusque
1294 2067 1480 2133 auctoritati
1503 2067 1544 2132 ab
1561 2065 1791 2153 Oudendorpii
1809 2066 1885 2132 inde

280 2187 387 2244 aetate
411 2177 586 2264 plurimum
609 2175 752 2244 editores
768 2174 899 2242 Lucani
920 2175 1117 2261 tribuerunt,
1142 2185 1255 2258 entant
1277 2197 1384 2262 pauca
1402 2173 1564 2261 quaedam
1587 2174 1713 2241 scholia
1735 2173 1886 2240 loliorum

279 2284 479 2372 marginibus
507 2307 652 2374 aspersa,
677 2285 742 2350 alia
768 2283 900 2369 quidem
923 2293 1020 2370 atque
1034 2277 1117 2372 'ipsa
1140 2283 1291 2350 carminis
1318 2284 1430 2367 uerba,
1455 2283 1740 2350 eiusdem'tamen
1763 2281 1886 2348 saeculi

279 2394 357 2459 noni
380 2417 477 2460 manu
501 2403 642 2460 exarata.
688 2392 783 2477 Quae
807 2392 933 2459 scholia
956 2416 1030 2460 cum
1054 2391 1246 2478 Doruillius,
1271 2392 1384 2478 quiin
1409 2390 1709 2479 Oudendorpianae
1733 2391 1885 2458 editionis

279 2525 373 2568 usum
403 2502 479 2568 olim
509 2502 649 2568 eontulit
676 2501 768 2566 illum
801 2501 965 2587 codicem,
996 2501 1178 2589 neglexerit
1206 2521 1342 2588 prorsus
1371 2523 1477 2586 neque
1506 2509 1620 2566 nostra
1648 2507 1754 2566 aetate
1778 2497 1886 2566 Stein-

278 2610 421 2694 hartius,
449 2613 589 2704 fortasse
619 2619 736 2698 poetae
768 2609 902 2676 carmini
933 2610 1037 2696 magis
1066 2633 1164 2696 quam
1187 2619 1446 2676 commentorum
1472 2609 1631 2694 relliquiis
1659 2609 1823 2693 intentus,
1851 2608 1886 2674 in

279 2717 550 2806 disceptationem
573 2717 753 2803 uocauerit,
778 2725 852 2784 ante
876 2717 936 2784 hos
960 2717 1026 2783 duo
1051 2729 1171 2803 a'nnos,
1201 2719 1370 2806 cumipse
1393 2717 1707 2804 Montepessulanus
1731 2717 1815 2783 liber
1837 2717 1886 2781 in·

280 2825 363 2913 signi
388 2847 499 2892 eorum
516 2826 723 2912 liberalitate,
748 2826 804 2912 qui
828 2833 862 2892 et
883 2826 916 2890 in
932 2825 1188 2893 Franco-Gallia
1213 2835 1246 2893 at
1267 2827 1302 2892 in
1317 2825 1475 2894 Borussia
1497 2826 1698 2915 reipublicae
1715 2834 1886 2912 praesunt,

279 2931 458 3019 Mimslam,
481 2934 538 3000 ubi
561 2943 641 3000 tunc
663 2935 821 3021 temporis
845 2931 1016 3021 degebam,
1040 2935 1118 3000 mihi
1138 2936 1349 3002 transmissus
1373 2944 1471 3020 esset,
1496 2934 1664 3022 descripta
1686 2941 1885 3018 enotataqua

277 3043 342 3108 iam
365 3041 489 3129 publici
510 3043 589 3109 iuris
613 3063 685 3109 sum
700 3044 858 3111 factmus.
893 3042 1012 3129 Neque
1028 3067 1108 3111 uero
1131 3067 1239 3111 rerum
1263 3067 1348 3130 quas
1370 3044 1404 3108 in
1426 3044 1467 3111 iis
1489 3044 1716 3116 contineantur
1739 3041 1887 3131 grauitas

279 3171 385 3236 neque
408 3150 584 3216 uerborum
607 3173 691 3237 quae
719 3151 754 3216 in
776 3151 817 3216 iis
839 3151 916 3217 insit
946 3151 1085 3240 diligens
1109 3161 1167 3218 aut
1190 3152 1288 3219 docta
1311 3152 1486 3238 explicatio
1510 3161 1547 3218 ut
1576 3151 1708 3218 ederem
1734 3174 1786 3216 rne
1816 3173 1884 3215 mo-

279 3259 388 3344 uebat,
412 3258 471 3325 sed
493 3253 575 3324 illud
599 3259 801 3347 spectabam,
826 3267 863 3324 ut
886 3258 1083 3328 scholiorum
1100 3260 1366 3329 Lucanianorum
1389 3260 1544 3328 historiae
1568 3285 1588 3326 a
1611 3257 1649 3325 O.
1666 3259 1721 3325 Fr.
1736 3259 1886 3327 Webero

278 3361 462 3451 incohatae,
485 3366 526 3433 ab
539 3367 689 3434 Vsenero
707 3364 900 3433 ‘commentia
916 3367 1136 3434 Bememibaa’
1154 3378 1187 3435 at
1204 3365 1484 3450 ‘adnotationibus’
1502 3391 1586 3455 quae
1602 3379 1680 3435 sunt
1696 3366 1802 3454 ‘caper
1815 3369 1884 3433 Iac-

179 3475 182 3481 '
280 3472 403 3539 canum’
427 3473 620 3562 propediem
637 3475 774 3541 edendis
798 3498 998 3563 magnopere
1015 3477 1258 3564 promouendae
1275 3479 1513 3544 incrementum
1529 3475 1768 3563 quantumlibet
1790 3474 1885 3540 affer·
1945 3545 1951 3556 ἢ

278 3603 355 3649 rem.
395 3581 491 3648 Iao'et
512 3580 598 3650 anim
614 3605 652 3650 aa
674 3581 857 3650 litterarum
873 3584 1080 3670 antiquarum
1103 3609 1181 3674 pars
1198 3585 1315 3652 mirum
1337 3593 1496 3671 quantum
1511 3585 1664 3672 neglecta
1687 3605 1724 3649 ao
1741 3582 1883 3668 deserta,
1918 3594 1961 3625 ²⁴*

279 3713 320 3757 ex
341 3711 407 3774 quo
431 3689 597 3758 Weberus
626 3715 644 3758 e
673 3691 897 3779 compluribus
920 3693 1011 3760 libris
1035 3691 1264 3781 manuscriptis
1287 3692 1413 3759 scholia
1438 3693 1473 3758 in
1495 3692 1667 3759 Lucanum
1691 3691 1883 3758 collectas.

278 3795 573 3869 Muoccxxxl
597 3799 708 3867 edidit.
756 3799 832 3885 Qua
853 3801 887 3865 in
917 3824 953 3868 re
979 3802 1028 3866 illi
1057 3801 1127 3867 uiro
1157 3801 1199 3867 de
1223 3801 1361 3868 Lucano
1394 3801 1515 3888 optime
1538 3800 1654 3868 merito
1677 3798 1885 3866 incommoda

279 3903 415 3991 accidit,
444 3907 534 3992 quod
560 3909 686 3996 ingenti
714 3905 914 3975 scholiorum
936 3911 1099 3996 farragine
1125 3910 1263 3977 obrutus
1292 3933 1397 3996 paene
1421 3919 1520 3995 atque
1544 3929 1723 3998 oppressus
1751 3907 1884 3994 antiqua

279 4024 313 4082 et
335 4016 480 4082 recentia
510 4017 677 4084 nonsatis
706 4017 856 4104 dignouit
879 4028 912 4084 et
935 4018 1174 4087 Vossianorum
1196 4013 1347 4084 codicum
1376 4018 1562 4084 auctoritati
1592 4016 1688 4082 nimis
1712 4015 1884 4082 subtraxit

278 4122 368 4188 lllud
392 4123 478 4188 enim
494 4123 564 4190 lam
579 4125 673 4191 initio
696 4125 927 4214 disputationis
942 4149 1034 4192 meae
1051 4127 1212 4193 affirmare
1236 4149 1372 4216 possum
1395 4126 1521 4194 scholia
1543 4124 1722 4191 aWebero
1746 4123 1884 4190 collecta

278 4253 344 4298 non
366 4232 487 4298 reterre
509 4233 683 4320 imaginem
706 4233 827 4300 nedum
858 4235 1050 4322 sanguinem
1079 4243 1112 4302 et
1135 4257 1255 4302 neruos
1283 4231 1582 4301 ‘adnotationis
1604 4255 1724 4320 super
1749 4231 1883 4298 Luca-

278 4337 383 4405 num’
406 4353 469 4406 nac
492 4340 710 4426 antiquissimi
726 4343 902 4409 commenti
925 4343 958 4408 in
978 4341 1163 4428 Lucanum,
1187 4342 1277 4428 qnod
1299 4343 1451 4410 aVacca
1472 4341 1615 4428 quodam
1632 4364 1705 4408 esse
1722 4340 1882 4428 scriptum

278 4445 445 4514 Weberus
465 4448 538 4534 ipsa
554 4449 715 4516 ostendit:
739 4471 845 4536 neque
868 4451 902 4516 in
925 4453 964 4517 iis
981 4451 1113 4536 quidem
1136 4450 1281 4535 scholiis,
1305 4451 1347 4518 de
1364 4451 1485 4537 quibus
1499 4450 1608 4516 dicere
1625 4447 1731 4535 coepi,
1749 4447 1881 4514 Vaccae

278 4563 513 4639 commentum,
544 4556 602 4623 sed
632 4559 770 4625 fortasse
800 4558 928 4626 disiecti
956 4559 1159 4648 grammatici
1188 4569 1225 4626 ut
1254 4559 1301 4626 ita
1336 4559 1443 4638 dicam
1471 4557 1619 4626 membra
1650 4565 1883 4645 agnoscentur,
1905 4561 1949 4614 t‘

278 4661 345 4730 Sed
370 4662 540 4730 uideamus
562 4687 631 4730 rem
653 4665 769 4755 ipsam.

411 4769 546 4836 Scholia
567 4772 602 4840 in
625 4773 769 4860 margine
800 4773 876 4840 libri
898 4774 1184 4864 Montepessulani
1214 4776 1361 4862 ascri-pta
1388 4795 1540 4862 magnam
1563 4783 1690 4860 partam
1713 4781 1790 4839 sunt
1812 4796 1882 4837 mu*

278 4877 352 4961 tila,
382 4878 428 4974 ita
450 4887 559 4946 umen
588 4891 625 4947 ut
648 4890 705 4946 aut
733 4881 805 4946 aliis
835 4882 966 4950 scholiis
990 4884 1145 4950 adhibitis
1176 4894 1233 4949 aut
1256 4883 1313 4948 ubi
1343 4907 1409 4948 non
1440 4906 1515 4950 cum
1545 4882 1619 4947 aliis·
1647 4881 1773 4946 faciunt
1793 4879 1881 4946 facili

1634 4987 1667 5042 li*
