4102 5732
715 339 1000 448 &14-

85 581 180 646 modo
210 581 329 646 iterum
361 605 401 647 ex
424 579 535 647 Orosii
564 580 710 646 historiis
739 589 851 646 noster
874 581 1030 647 hauserit.
1077 582 1178 668 Apud
1204 580 1359 648 Orosium
1393 603 1407 648 1
1437 585 1514 672 ap.
1539 586 1581 650 28
1605 585 1692 651 Hav.
1733 615 1736 624 ·
1779 569 1782 576 ‚

85 689 165 756 haec
188 691 343 777 leguntur
367 688 538 754 ‘Hibernia
560 691 665 754 insula
687 692 770 754 inter
792 691 999 755 Britanniam
1023 703 1053 754 ct
1074 691 1269 777 Hispaniam
1291 695 1354 756 sito
1376 695 1594 758 ost....huoc
1611 717 1693 779 pro-

85 781 156 884 pior
184 799 375 863 Britanniae
409 802 511 885 spatio
537 811 693 862 terrorum
718 801 883 884 angustior
905 799 958 892 scd
980 799 1060 862 coeli
1082 799 1216 884 solisque
1240 801 1387 885 temperie
1409 803 1513 886 mugio
1535 801 1651 865 leubilis
1675 826 1696 866 o

85 904 249 972 Scotorum
274 907 566 992 pontibuscolitur.
618 905 705 969 Huic
735 905 796 990 (so.
821 903 1018 990 Hiberniae)
1047 907 1143 970 c'tiom
1166 896 1319 972 Meuania
1348 907 1396 992 (in
1426 907 1497 974 aliis
1521 906 1618 973 codd.
1643 913 1694 974 est

85 1017 317 1079 ntiomounuuiu
340 1016 574 1078 otiomeunonia
597 1015 858 1096 etiomeumoniu)
881 1015 986 1078 insula
1002 1017 1158 1099 procimo
1178 1027 1222 1078 est
1237 1017 1352 1100 etipsa
1374 1017 1477 1100 spatio
1494 1038 1557 1079 non
1573 1038 1695 1101 paruo,

85 1123 147 1186 solo
173 1122 347 1203 courmodu,
373 1143 467 1208 ocquc
492 1146 512 1185 o
535 1119 703 1186 Scotorum
725 1120 870 1207 gentibus
892 1117 1078 1186 hobitum?
1125 1120 1296 1188 Habemus
1324 1122 1449 1187 fontem
1479 1121 1568 1187 unde
1589 1121 1695 1188 solio·-

85 1229 150 1294 lion
180 1229 277 1294 fluxit
304 1238 337 1295 et
364 1230 574 1294 restituemus
603 1228 784 1294 litterarum
813 1237 846 1293 et
878 1227 1037 1313 relliquiis
1074 1236 1106 1294 et
1135 1229 1240 1314 spatio
1276 1229 1408 1316 egregie
1441 1229 1697 1317 suffragantibus
1723 1301 1726 1306 ,

85 1335 266 1400 ‘annnrn
289 1338 394 1400 insutu
411 1339 566 1422 pronimu
588 1335 787 1402 Hiberniae?
834 1334 1075 1422 Suffragabitur
1097 1345 1270 1424 praeterea
1293 1337 1416 1424 Papiae
1445 1337 1697 1404 uocabulariur'n'

85 1445 216 1510 saeculo
249 1443 423 1510 undecimo
447 1433 670 1531 conscriptum
694 1442 762 1529 (ed.
778 1443 899 1509 Venet.
927 1445 1041 1530 1496),
1070 1445 1193 1528 inquo
1222 1445 1377 1532 leguntur
1404 1445 1488 1512 haec
1518 1445 1695 1512 ‘Monunim
1791 1453 1794 1458 '

85 1576 158 1638 pore
182 1555 309 1617 turcico.
336 1555 496 1617 Monunio.
520 1553 625 1616 insula
641 1554 795 1636 pronimu
818 1549 989 1616 hibernioc’
1025 1551 1237 1617 hauddubie
1263 1574 1281 1617 e
1304 1552 1437 1618 scholiis
1464 1555 1499 1618 in
1522 1554 1694 1619 Lucanum
1810 1577 1813 1582 ·

85 1661 198 1746 petita,
223 1682 264 1724 ex
289 1660 407 1744 quibus
431 1659 590 1724 nonnulla
611 1659 761 1725 hausisse
785 1659 906 1746 Papias
932 1660 1058 1746 etipse
1086 1660 1120 1724 in
1143 1659 1312 1745 prooemio
1335 1659 1539 1726 uocabularii
1562 1661 1695 1748 profite-

85 1778 137 1833 tur
161 1777 194 1832 et
209 1767 319 1832 multis
342 1767 423 1833 locis
447 1767 637 1832 manifestus
654 1774 720 1832 est:
745 1767 790 1832 ita
813 1778 850 1832 ut
867 1766 1011 1852 suspicio
1036 1767 1079 1832 sit
1100 1765 1202 1832 luisse
1218 1767 1252 1830 in
1274 1753 1413 1854 integris
1430 1767 1563 1833 scholiis
1580 1768 1696 1834 eadem
1804 1760 1806 1768 ¹

85 1876 191 1941 omnia
215 1897 298 1959 quae
322 1874 411 1961 apud
434 1874 571 1960 Papiam
596 1879 709 1938 extant
732 1875 843 1940 uerba.
897 1873 942 1938 In‘
968 1873 1078 1940 Orosii
1109 1883 1218 1939 autem
1246 1874 1356 1940 uerbis
1387 1875 1511 1941 rectius
1534 1854 1698 1942 scribetur

85 1987 237 2064 Monunio
267 1982 354 2067 quod
388 1982 477 2068 apud
501 1982 626 2048 Bedam
650 2004 781 2068 quoque
806 1983 938 2068 legitur,
963 2003 1037 2047 cum
1063 1981 1200 2047 eandem
1234 1981 1373 2048 insulam
1396 1981 1524 2048 Plinius
1557 2002 1613 2049 1111
1642 1985 1696 2067 16,

85 2093 126 2156 30
150 2093 339 2177 Monuniom
362 2089 497 2155 dixerit:
522 2093 597 2154 nani
621 2089 740 2176 Anglis
766 2092 844 2154 Mon
869 2089 1004 2174 dicitur,
1028 2089 1220 2154 Britannice
1245 2097 1354 2154 autem
1376 2098 1414 2154 ut
1436 2089 1602 2178 Lhuydns
1625 2113 1696 2156 sae-

85 2197 149 2264 culi
173 2199 303 2284 septimi
328 2198 447 2264 decimi
470 2187 611 2284 scriptor
633 2205 774 2262 testatur
797 2201 942 2262 Menoec.

218 2305 270 2371 De
294 2303 412 2372 Seruio
443 2314 476 2372 et
500 2303 619 2370 Orosio
650 2301 801 2376 uidimus.
854 2303 973 2369 Restat
1002 2313 1039 2370 ut
1068 2303 1108 2368 de
1135 2303 1267 2369 Isidoro
1290 2302 1484 2390 Hispalensi
1513 2305 1696 2390 uideamus,

85 2436 124 2478 ex
147 2413 240 2478 ouius
265 2410 457 2501 Originibus
488 2420 569 2498 quot
592 2413 688 2502 riuuli
717 2411 853 2478 deducti
882 2411 947 2477 sint
976 2435 1035 2497 per
1064 2411 1177 2476 medii
1193 2411 1283 2496 quod
1313 2411 1433 2478 dicitur
1457 2413 1531 2478 aeui
1557 2412 1695 2496 litteras,

85 2521 233 2586 omnibus
256 2529 350 2606 patet
371 2521 405 2584 in
428 2529 647 2607 promptuque
672 2529 731 2586 est.
768 2518 835 2586 Sed
860 2542 934 2584 cum
958 2528 1055 2585 antea
1078 2519 1368 2586 demonstrarimus
1393 2521 1592 2587 scholiasten
1616 2520 1720 2586 hau-¹

85 2630 165 2695 siss'e
191 2652 208 2693 e
225 2627 333 2695 Seruii
350 2637 383 2694 et
398 2626 509 2693 Orosii
534 2629 688 2714 scriptis,
701 2651 788 2693 nunc
805 2627 1073 2714 inuestigandum
1096 2628 1157 2693 erit
1191 2631 1353 2714 quatenus
1369 2627 1518 2694 Isidorus
1541 2651 1561 2694 e
1585 2633 1697 2694 uetere

85 2746 269 2803 commento
293 2737 326 2800 in
349 2736 522 2814 Lucanum
546 2736 700 2801 hauserit.
753 2736 840 2801 Nam
871 2720 1069 2801 scholiorum
1097 2717 1132 2800 in
1155 2735 1329 2802 Lucanum
1358 2745 1485 2821 partem
1514 2757 1555 2800 ex
1576 2734 1699 2801 Isidori

85 2842 277 2930 Originibus
312 2843 445 2910 fluxisse
477 2843 640 2908 neminem
668 2851 750 2930 puto
778 2833 847 2908 fore
880 2844 935 2928 qui
960 2843 1021 2910 sibi
1048 2843 1277 2929 persuadeat*
1303 2842 1421 2928 Usque
1445 2842 1528 2908 adeo
1553 2843 1698 2909 bmnium

85 2953 246 3018 rationum
262 2973 427 3018 consensu
450 2952 591 3018 efficitur
613 2952 677 3017 hoc
702 2952 801 3018 statui
823 2974 889 3018 non
913 2973 1030 3039 posse:
1056 2961 1155 3036 atque
1179 2973 1255 3016 cum
1278 2951 1341 3016 iarn
1365 2949 1533 3016 scholia'a
1548 2949 1697 3018 Webero

85 3060 173 3126 edita
197 3062 385 3145 quicunque
408 3061 526 3126 leuiter
548 3068 674 3125 tantum
697 3061 843 3146 attigerit
859 3069 892 3126 et
914 3071 1112 3147 properante
1137 3059 1231 3144 quasi
1255 3059 1351 3124 oculo
1367 3058 1608 3145 comparauerit
1623 3081 1698 3124 cnm
1783 3115 1786 3120 .

85 3168 205 3234 Isidori
222 3165 424 3254 Originibus,
449 3154 523 3254 plus
548 3191 646 3253 quam
668 3169 804 3254 triginta
826 3169 908 3234 locis
933 3167 1098 3232 Isidorum
1122 3176 1305 3233 commento
1329 3175 1443 3232 uetere
1466 3167 1501 3232 in
1523 3165 1698 3232 Lucanum

85 3299 188 3361 aeque
212 3299 252 3341 ac
276 3274 384 3342 Seruii
415 3277 607 3342 commentis
631 3298 726 3342 usum
757 3299 829 3342 esse
855 3275 1120 3363 deprehensurus
1145 3275 1202 3360 eit,
1232 3279 1351 3361 magna
1376 3282 1426 3340 est
1449 3296 1526 3360 spes
1548 3275 1636 3358 fore,
1660 3281 1699 3340 ub

85 3382 342 3449 ‘commentis
365 3383 647 3449 Bonnensibus
665 3385 710 3448 ¹in
733 3380 959 3449 Lucanum’
985 3391 1018 3448 et
1047 3381 1401 3449 ‘adnotationibus
1425 3403 1545 3468 super
1567 3381 1699 3448 Luca-

85 3489 190 3556 num’
216 3491 257 3558 ab
273 3490 424 3556 Vsenero
448 3489 641 3578 propediem
665 3491 801 3581 edendis
818 3492 920 3558 multo
945 3491 1063 3557 clarior
1082 3491 1266 3576 certiorque
1289 3491 1347 3555 lux
1369 3490 1446 3556 huic
1470 3490 1517 3555 rei
1533 3489 1698 3556 afferatur.

85 3598 126 3663 In
143 3597 292 3684 epistulis
317 3597 360 3664 nd
375 3598 586 3664 Braulionern
608 3599 802 3686 episcopum
819 3599 903 3664 datis
927 3599 1075 3664 Isidorus
1096 3601 1168 3686 ipse
1192 3599 1366 3686 profitetur
1389 3620 1424 3663 se
1449 3595 1547 3684 ‘opus
1562 3615 1609 3662 nu
1627 3615 1700 3664 om·

85 3723 219 3772 omlnvs
242 3724 364 3770 RERVM
394 3729 434 3770 ex
462 3707 584 3772 ueteris
613 3707 764 3772 lectionis
795 3703 1022 3772 reccidatione
1053 3707 1238 3794 conlegisse
1268 3719 1367 3791 atque
1396 3704 1593 3790 quibusdam
1616 3705 1700 3772 lonis

85 3815 130 3879 ita
153 3813 328 3880 adnotasse
357 3821 395 3878 ut
425 3823 552 3880 extaret
580 3814 806 3901 conscriptum
830 3815 905 3880 stilo
929 3812 1109 3880 maiorum’
1163 3812 1229 3897 Qui
1260 3813 1393 3898 quidem
1421 3813 1581 3878 maiorum
1604 3813 1699 3879 stilus

85 3923 266 3988 certissime
296 3921 488 4008 agnoscitur
510 3921 549 3986 in
571 3921 611 3988 iis
635 3945 720 4007 quae
749 3921 814 3989 iam
844 3943 916 3987 sum
945 3921 1144 4009 prolaturus.
1190 3921 1344 4006 Namque
1373 3943 1390 3987 e
1421 3909 1556 3987 scholiis
1578 3911 1699 3987 nostris

86 4029 129 4096 ad
151 4030 288 4095 uerbum
313 4031 492 4095 concinunt
516 4052 591 4095 oum
613 4029 653 4096 iis
678 4053 761 4114 quae
785 4030 942 4117 leguntur
964 4031 998 4094 in
1021 4029 1143 4096 Isidori
1166 4027 1357 4116 Originibus
1381 4027 1463 4094 haec
1485 4028 1548 4094 tria
1581 4029 1636 4093 17
1668 4051 1696 4094 c.

85 4137 165 4203 Isid.
201 4155 291 4204 xvrn
327 4137 358 4220 7,
381 4139 412 4204 0.
448 4137 551 4203 1625
586 4160 613 4204 o.
638 4136 719 4201 Isid.
755 4156 794 4201 xr
820 4139 849 4222 1,
875 4139 938 4202 ⁴30:
968 4156 1004 4204 vr
1040 4137 1104 4204 689
1139 4135 1272 4202 c.·Isid.
1307 4155 1360 4200 rm
1396 4137 1426 4221 7,
1454 4136 1497 4200 42
1538 4143 1571 4200 et
1599 4136 1699 4202 maxi·

85 4269 171 4310 mam
200 4254 327 4332 partem
356 4245 435 4310 item
464 4245 528 4311 tria
569 4263 583 4308 1
618 4245 683 4310 228
723 4267 750 4310 c.
775 4243 856 4310 Isid.
892 4267 915 4311 v
950 4243 1049 4328 31,5
1086 4252 1120 4310 et
1153 4261 1219 4308 xm
1256 4244 1386 4327 10,12.
1432 4261 1470 4307 11·
1494 4242 1537 4308 50
1566 4265 1593 4308 c.
1618 4242 1698 4310 Isid.

86 4373 126 4418 lx
160 4354 192 4438 2,
225 4355 277 4419 63.
319 4369 383 4419 vm
419 4353 483 4418 180
517 4375 545 4417 c.
570 4351 651 4417 Isid„
687 4369 733 4416 111'
767 4353 819 4435 70,
846 4353 876 4418 8.
940 4351 1034 4436 Quos
1058 4351 1150 4417 locos
1174 4350 1348 4437 diligenter
1372 4349 1618 4436 explorantibus
1641 4373 1699 4416 no-

85 4461 136 4527 bis
161 4471 194 4527 et
217 4461 363 4527 adhibito
386 4461 508 4526 iudicio
533 4461 800 4546 comparantibus
817 4481 891 4525 cum
915 4463 949 4524 iri
971 4459 1077 4546 ipsam
1101 4459 1196 4544 quasi
1219 4458 1377 4524 fabricam
1401 4465 1434 4524 et
1457 4457 1621 4524 officinam
1637 4458 1698 4523 Isie'

87 4569 158 4633 dori
187 4570 285 4635 liceat
312 4569 494 4655 inspicere,
530 4569 711 4654 paullisper
739 4591 779 4633 ea
806 4569 840 4632 in
869 4591 905 4632 re
936 4567 1096 4634 morabor.
1149 4567 1371 4653 Agnoscimus
1404 4565 1504 4654 igitur
1535 4565 1700 4632 Isidorum

87 4676 363 4763 explicationibus
383 4676 620 4742 uocabulorum
644 4699 662 4741 e
687 4675 821 4742 scholiis
844 4675 957 4760 petitis
982 4695 1039 4740 eos
1062 4682 1181 4761 poetae
1204 4675 1297 4739 locos
1321 4672 1363 4738 ad
1393 4696 1476 4758 quos
1498 4673 1577 4739 illae
1598 4672 1699 4758 expli-

88 4784 243 4851 cationes
258 4785 461 4887 pertinerent
488 4783 578 4849 haud
606 4807 679 4848 raro
703 4782 887 4866 addidisse,
922 4781 1040 4853 deinde
1070 4783 1099 4848 si
1128 4805 1181 4847 res
1212 4783 1314 4847 ferret
1340 4781 1501 4848 adiecisse
1537 4779 1700 4867 quaedam
