4102 5732
791 409 1052 478 mao---

100 613 222 678 cecilio
247 609 373 676 coltorta‘v
391 631 460 674 euno
483 605 658 694 lanionibus
681 607 819 676 daubore
850 610 938 672 outae
962 609 1098 674 aduente
1117 607 1221 696 facile
1249 623 1320 677 urunt
1353 611 1474 695 repulsi
1495 609 1709 697 Pompeiani.²
1762 671 1767 684 ,

100 717 195 802 Quae
220 719 321 785 uerba
343 717 482 784 fortasse
511 714 583 800 ipse
613 737 686 782 oum
716 737 782 781 non
807 714 885 782 setis
909 715 1082 782 memoriae
1106 715 1282 782 haererent
1311 716 1411 782 errori
1441 717 1528 786 uiam
1549 719 1709 786 fecerunt.

98 827 183 892 Aliis
207 826 289 894 locis
313 823 514 892 scholiasten
537 823 592 888 uel
615 822 862 908 grammaticum
885 831 1033 890 nostrum
1057 846 1122 894 non
1148 823 1424 909 deprehendimus
1448 828 1728 912 corrumpentem

99 936 378 1020 deprauautemue
403 953 550 1017 eaquae
575 953 615 996 ex
639 929 791 996 Caesaris
826 931 1072 1006 commentariis
1101 931 1135 995 in
1166 931 1285 998 scrinia
1313 955 1373 998 sua
1399 930 1622 1000 transtulerat.
1669 933 1711 999 In

98 1042 223 1110 scholio
247 1041 289 1108 ad
312 1041 416 1108 v140
441 1077 482 1088 —-
506 1047 544 1104 ut
577 1037 763 1124 exemplum
791 1060 911 1123 ponem
935 1077 976 1127 i·
1007 1039 1097 1106 solus
1127 1038 1309 1113 seeundum
1334 1037 1510 1109 Caesarem
1541 1041 1580 1108 B.
1608 1039 1646 1110 O.
1670 1061 1712 1108 111

98 1152 141 1216 43
165 1150 266 1216 refert
289 1147 407 1236 uiginti
432 1154 587 1233 quattuor
610 1145 747 1212 castella
771 1169 843 1212 esse
867 1146 1067 1214 communita
1091 1169 1110 1211 a
1134 1145 1278 1213 Caesare
1308 1156 1420 1220 contre
1449 1147 1644 1234 Pompeium
1668 1149 1711 1216 ad

98 1256 342 1344 Dyrrhachium
372 1263 480 1322 castra
507 1254 667 1338 habente,
698 1276 771 1320 cum
799 1255 834 1319 in
864 1254 979 1334 codice
1003 1253 1143 1322 Weberi
1172 1253 1235 1320 VO
1263 1254 1399 1342 triginta
1428 1253 1493 1320 duo
1525 1264 1559 1324 et
1586 1257 1619 1322 in
1648 1256 1709 1324 LB

98 1365 216 1453 uiginti
241 1364 391 1431 dieantur
414 1361 539 1430 munita
563 1383 646 1428 esse.
862 1359 867 1368 '
1361 1445 1364 1452 Ι

233 1471 329 1538 Haeo
358 1471 426 1537 fere
454 1469 555 1536 habui
579 1492 663 1555 quae
688 1467 729 1534 de
753 1468 885 1536 scholiis
908 1467 1213 1556 Montepessulanis
1242 1468 1387 1535 dicerem
1414 1469 1448 1534 id
1478 1493 1578 1540 unum
1607 1493 1710 1558 agens

99 1588 136 1645 ut
159 1579 358 1646 scholiorum
380 1579 415 1644 in
437 1577 612 1646 Lucanum
635 1575 791 1646 historiae
822 1577 1011 1644 adcuratius
1047 1577 1297 1664 cognoscendae
1327 1577 1626 1663 quantulacumque
1654 1579 1712 1644 fiat

99 1687 256 1753 accessio.
