4102 5732
961 425 1184 490 ..19-

207 681 211 690 .
267 623 487 694 uocalismo
516 621 631 688 11512
666 622 816 710 collegit:
857 623 966 688 medic
1001 621 1084 689 aeuo
1113 631 1223 688 autem
1247 625 1406 690 Laodicia
1429 623 1601 690 dicebatur
1629 615 1695 710 (ch
1712 623 1878 712 d’Achery

268 730 415 818 spicileg.
444 749 473 795 11
495 739 527 817 p.
555 731 633 816 146)
662 729 709 795 ita
736 739 773 794 ut
796 730 980 796 Vossianus
1008 754 1069 816 pro
1100 740 1207 797 aetate
1238 755 1297 796 sua
1327 742 1449 798 rectam
1474 730 1627 798 exhibeat
1649 732 1789 798 nominis
1812 734 1878 798 for-

266 863 362 905 mam.
415 841 590 905 Laodiciae
618 845 727 902 autem
756 839 847 924 regio
881 837 996 925 Syriae
1027 848 1077 904 est
1107 839 1200 905 cuius
1228 863 1347 906 nomen
1377 840 1423 904 sic
1455 863 1550 906 nemo
1578 840 1716 926 protulit
1746 849 1878 926 praeter

266 947 492 1012 Ptolemaeum
516 945 742 1034 geographum
766 969 789 1012 v
815 947 863 1012 15.
900 946 1018 1030 Itaque
1043 947 1243 1012 remouenda
1267 957 1317 1012 est
1332 946 1471 1014 Weberi
1495 947 1684 1014 coniectura
1707 957 1741 1014 et
1763 947 1878 1014 uiden-

268 1053 345 1119 dum
370 1051 450 1138 quid
473 1054 622 1140 primitus
647 1053 805 1138 scriptum
828 1053 935 1119 suerit.
983 1053 1118 1134 Pitanes
1148 1077 1267 1119 nomen
1292 1055 1375 1119 duae
1404 1055 1513 1120 ferunt
1536 1055 1739 1140 antiquitatis
1763 1055 1874 1124 ciuita-

266 1171 317 1227 tes
341 1162 443 1227 altera
467 1161 656 1248 Triphyliae
681 1161 784 1226 altera
807 1161 947 1247 Mysiae.
994 1161 1152 1226 Lucanus
1182 1185 1257 1227 oum
1287 1162 1327 1229 de
1352 1161 1435 1228 Asia
1457 1163 1611 1247 loquatur
1643 1162 1683 1228 de
1707 1164 1764 1230 illa
1788 1173 1876 1230 certe

199 1349 204 1355 ἱ
266 1293 333 1335 non
357 1269 525 1356 cogitauit.
572 1268 691 1354 Itaque
716 1269 908 1334 scholiastes
938 1269 965 1334 si
992 1292 1108 1355 parum
1139 1269 1345 1336 considerate
1371 1280 1500 1358 ageret,
1535 1271 1575 1336 de
1600 1271 1703 1337 altera
1727 1272 1877 1360 cogitans

267 1377 412 1443 scribere
436 1385 567 1464 poterat
591 1376 716 1442 ‘Pitana
740 1379 849 1441 Elidis
873 1375 1009 1461 ciuitas,
1035 1377 1093 1442 sed
1118 1378 1234 1463 opinor
1258 1378 1298 1444 de
1323 1379 1425 1444 altera
1448 1379 1648 1466 cogitantem
1677 1403 1752 1446 eum
1776 1381 1878 1466 scrip-

267 1487 348 1550 sisse
379 1484 516 1576 ‘Lydiae
546 1483 671 1550 oiaitua’
701 1485 847 1549 confusis
876 1483 1003 1571 Lydiae
1036 1493 1069 1550 et
1097 1483 1226 1572 Mysiae
1256 1487 1457 1570 nominibus,
1486 1496 1543 1552 aut
1567 1485 1725 1553 ‘Aeolidis
1749 1486 1876 1554 ciaitoa’

267 1615 341 1658 cum
372 1615 410 1657 ea
438 1591 554 1656 Pitane
585 1613 683 1676 quam
711 1591 867 1656 Lucanus
898 1592 1040 1657 carmine
1072 1593 1179 1680 tangit
1207 1593 1358 1660 Aeolidis
1390 1595 1446 1679 sit,
1481 1616 1565 1679 quae
1601 1604 1718 1679 quarta
1745 1595 1876 1682 Mysiae

265 1721 344 1788 pars
369 1709 428 1764 est.
455 1725 460 1732 ·

399 1825 456 1871 1111
478 1807 498 1871 9
523 1829 669 1890 eaquae
694 1816 771 1872 sunt
795 1805 815 1870 ἦ
842 1857 849 1872 .
875 1856 883 1872 .
909 1856 916 1871 .
943 1819 1023 1872 torae
1047 1811 1104 1894 qui
1126 1813 1213 1895 aquis
1235 1789 1321 1874 aaut
1328 1813 1428 1895 periti
1450 1809 1533 1875 cuat’
1558 1811 1706 1896 suppleri
1721 1818 1877 1896 poterunt
1969 1819 1972 1824 ’

266 1915 354 1980 hunc
377 1914 411 1978 in
434 1913 582 1978 modum:
612 1931 803 1980 vasconias.
834 1919 927 2000 quusi
953 1927 1091 1980 uectores
1121 1919 1198 2002 qaia
1228 1921 1314 2003 aquis
1342 1919 1415 1981 achi
1437 1921 1541 2004 periti
1568 1931 1648 1982 aaut.
1695 1917 1877 1984 Vettonum

267 2022 352 2086 enim
375 2044 494 2087 nomen
518 2021 600 2086 male
635 2023 990 2109 lfactoaacsaepissime
1014 2023 1162 2088 inlibris
1194 2012 1347 2089 scribitur
1371 2034 1469 2110 atque
1493 2024 1623 2090 Lucani
1649 2025 1721 2112 ipsc
1744 2025 1877 2090 Monte-

266 2130 465 2217 pessulanus
488 2129 588 2195 habet
614 2130 813 2216 Vaatooasqua
838 2153 857 2194 a
881 2130 985 2216 prima
1007 2153 1115 2214 manu,
1143 2132 1343 2218 Ibctoooaqaa
1368 2155 1387 2196 a
1411 2134 1606 2199 correctoris
1628 2156 1736 2198 manu.
1773 2132 1877 2200 Scho-

265 2237 384 2302 liasten
408 2236 455 2301 sic
479 2237 636 2323 scriptum
659 2260 778 2301 nomen
801 2221 968 2304 inuenisse
994 2261 1034 2303 ex
1059 2239 1258 2326 etymologia
1287 2249 1425 2326 apparet
1449 2264 1514 2326 qua
1536 2265 1656 2307 nomen
1684 2264 1703 2305 a
1725 2241 1876 2308 uehendo

266 2345 401 2410 ductum
426 2367 497 2409 esse
513 2346 596 2428 uult,
622 2343 863 2430 quae‘quidcm
879 2346 960 2411 ratio
984 2354 1054 2410 tcta
1078 2355 1129 2412 est
1145 2371 1186 2412 ex
1209 2347 1342 2433 ingenio
1359 2349 1576 2433 antiquorum.
1623 2351 1760 2415 Vectoras
1784 2349 1877 2414 cuius

265 2453 357 2518 uocis
381 2453 524 2539 uestigia
552 2453 586 2516 in
616 2452 740 2526 scholio
771 2462 900 2536 extant,
932 2454 1132 2520 scholiasten
1160 2455 1194 2518 in
1222 2454 1354 2528 Lucani
1380 2443 1523 2522 carmine
1553 2457 1717 2522 inuenisse
1745 2457 1876 2523 minime

266 2559 459 2625 crediderim
483 2571 558 2625 c'um
582 2583 621 2624 ea
643 2561 742 2626 lectio
766 2585 832 2626 non
854 2562 1044 2627 inueniatur
1065 2563 1100 2628 in
1122 2551 1251 2628 Lucani
1277 2564 1526 2650 exemplaribus

398 2669 543 2732 1111439
568 2675 657 2732 extat
680 2669 851 2734 scholion:
889 2668 988 2736 ‘Vari
1009 2684 1082 2734 suat
1103 2675 1175 2757 aqui
1198 2675 1357 2736 ceruleum
1385 2674 1518 2737 coleram
1540 2671 1707 2738 tabentes]
1754 2672 1877 2760 Agitur
1939 2673 1949 2696 ¹

266 2775 429 2841 derebus
454 2775 495 2840 ad
519 2775 727 2841 uenationem
752 2777 993 2864 pertinentibus
1017 2777 1102 2844 inter
1126 2801 1207 2864 quas
1223 2787 1435 2844 numerantur
1457 2803 1556 2846 uacua
1579 2781 1599 2846 i.
1618 2804 1646 2844 e.
1670 2781 1782 2846 furcae
1807 2780 1877 2864 qui-

264 2885 326 2950 bus
350 2884 433 2949 retia
457 2883 670 2970 subriguntur
688 2885 780 2949 'sicut
803 2885 929 2950 scholia
950 2886 984 2948 in
1008 2883 1068 2950 BC
1091 2886 1152 2950 LB
1177 2884 1306 2952 VOSS.
1332 2895 1422 2951 recte
1447 2887 1622 2974 explicant.
1668 2886 1877 2953 Vocabulum

264 2992 373 3079 ipsum
396 2991 490 3058 aliter
513 3013 610 3074 quam
634 2993 668 3055 in
692 3015 711 3056 a
733 2993 943 3058 terminatum
966 2993 1056 3080 apud
1079 2994 1231 3078 antiquos
1256 2993 1434 3081 scriptores
1467 3003 1625 3078 quantum
1648 2995 1716 3062 scio
1740 3019 1806 3060 non
1829 2995 1877 3058 in-

265 3099 411 3165 uenitur:
436 3121 477 3164 ne
502 3098 593 3185 apud
615 3099 743 3164 mediae
768 3100 900 3185 quidem
925 3109 958 3166 et
980 3101 1110 3166 infimae
1134 3102 1304 3167 latinitatis
1329 3103 1505 3188 scriptores
1535 3101 1661 3188 Uangio
1684 3103 1718 3168 in
1742 3125 1788 3169 us
1810 3111 1877 3168 ter·

265 3207 421 3272 minatum
450 3205 583 3272 uidetur
612 3207 805 3273 occurrisse.
858 3207 955 3273 Unus
986 3217 1037 3274 est
1064 3209 1185 3294 Papias
1217 3209 1309 3274 cuius
1339 3211 1533 3275 auctoritate
1566 3211 1671 3275 forma
1701 3214 1753 3276 hic
1780 3235 1877 3278 auras

266 3313 467 3399 defenditur,
497 3337 571 3378 nam
600 3315 634 3379 in
664 3315 734 3380 eius
763 3315 974 3404 uocabulario
1004 3316 1071 3402 (ed.
1090 3315 1209 3382 Venet.
1237 3317 1338 3402 1496)
1370 3317 1492 3402 scripta
1522 3327 1598 3384 sunt
1624 3319 1723 3384 haec:
1755 3318 1893 3386 ‘Vacua‘

265 3425 383 3488 dicitur
405 3435 524 3508 captum
554 3425 596 3488 ad
626 3425 795 3508 cupiendus
825 3424 936 3489 hestiae
959 3425 1015 3488 ooo·
1036 3427 1140 3490 raetia
1162 3438 1327 3510 ponuntur
1348 3427 1399 3490 uel
1423 3427 1565 3512 palliam
1587 3425 1739 3492 uarium’.
1787 3426 1878 3520 Quid

264 3529 384 3616 igitur?
437 3529 575 3614 Papiae,
610 3553 707 3614 quem
742 3530 874 3596 scholiis
910 3532 943 3594 in
974 3531 1148 3598 Lucanum
1180 3555 1417 3618 saepenumero
1448 3556 1544 3598 usum
1578 3555 1649 3599 esse
1681 3533 1746 3598 iarn
1777 3546 1891 3622 supra

265 3638 460 3720 monuimus,
486 3639 560 3701 ‘cum
582 3636 645 3702 hoc
669 3637 743 3703 loco
767 3645 925 3724 uteretur,
955 3638 1115 3725 deceptus
1140 3648 1190 3705 est
1212 3640 1245 3704 ni
1270 3641 1378 3706 omnia
1401 3640 1518 3706 fallunt
1542 3665 1580 3707 eo
1605 3642 1694 3726 quod
1718 3643 1877 3729 scriptum

265 3745 392 3810 inuenit
414 3738 528 3810 uaril'
546 3767 606 3830 pro
631 3745 742 3810 uaris
759 3747 845 3812 sicut
866 3747 900 3810 in
923 3746 963 3810 M
987 3757 1154 3822 exaratum
1179 3764 1238 3815 est.
1273 3748 1392 3833 Itaque
1416 3748 1593 3814 delendum
1616 3758 1696 3837 puto
1722 3773 1877 3838 compen-

266 3853 356 3917 dium
380 3873 480 3940 supra
503 3855 645 3920 litteram
677 3855 853 3940 spositum
881 3861 919 3918 ut
941 3877 1002 3940 pro
1030 3855 1117 3920 uari
1142 3857 1229 3920 lunt
1251 3857 1310 3922 fiat
1337 3856 1456 3921 lemma
1478 3875 1590 3924 rems.
1639 3855 1707 3924 Sed
1731 3857 1811 3942 quid
1835 3857 1876 3922 de

267 3959 359 4044 equis
384 3961 439 4044 qui
462 3961 496 4026 in
519 3963 645 4047 reliqua
668 3962 784 4028 scholii
807 3970 901 4047 parte
929 3962 1106 4028 dicuntur?
1152 3963 1272 4028 Breuis
1297 3985 1368 4030 esse
1392 3973 1519 4051 potero.
1566 3965 1637 4031 Aut
1661 3963 1788 4050 ‘equi’
1813 3965 1877 4030 hoc

265 4069 339 4133 loco
364 4067 517 4134 dicuntur
539 4094 599 4157 pro
625 4069 786 4136 ‘furcis’
811 4078 849 4134 ut
872 4068 1053 4136 ‘ceruos’
1078 4079 1192 4135 notum
1218 4080 1268 4136 est
1292 4071 1358 4136 dici
1381 4096 1399 4136 a
1419 4071 1569 4158 Vergilio
1592 4071 1663 4138 Eol.
1688 4073 1781 4138 1129
1805 4072 1877 4136 hu-

266 4176 379 4240 miles
403 4175 591 4243 habitare
616 4201 733 4244 cauas
762 4187 799 4242 et
826 4178 955 4264 figere
987 4201 1146 4262 ceruos,
1179 4179 1271 4244 cuius
1301 4186 1409 4244 tamen
1438 4201 1519 4244 usus
1547 4203 1613 4244 non
1644 4179 1749 4244 habeo
1774 4180 1877 4244 ullum

267 4284 356 4367 quod
370 4272 512 4350 'afferam
536 4286 737 4374 exemplum:
763 4294 820 4373 aut
842 4285 996 4351 mendum
1020 4286 1101 4352 latet
1123 4286 1156 4350 in
1180 4291 1253 4373 aqui
1276 4287 1369 4351 cuius
1386 4286 1547 4351 medelam
1571 4287 1715 4352 nondum
1735 4287 1876 4373 repperi.

267 4390 455 4457 ‘Furcae’
481 4393 509 4457 si
533 4400 661 4458 extaret
685 4394 915 4479 amplecterer:
942 4393 1000 4459 sed
1025 4393 1172 4479 recipere
1195 4395 1229 4458 in
1245 4403 1369 4459 textum
1394 4418 1454 4480 pro
1474 4417 1518 4476 ¹eo
1537 4394 1627 4478 quod
1650 4394 1775 4460 litteris.
1791 4395 1876 4460 bene

267 4500 408 4565 exaratis
433 4508 522 4565 extat
545 4525 610 4567 non
635 4501 756 4566 audeo:
781 4502 892 4585 itaque
917 4502 1026 4567 locum
1049 4502 1279 4588 intemptatum
1303 4501 1461 4586 relinquo.

302 4613 311 4629 ⁸
399 4607 533 4672 Falsum
556 4609 642 4674 inest
664 4609 698 4672 in
714 4609 825 4674 uerbis
850 4609 965 4674 scholii
982 4609 1024 4673 ad
1046 4609 1164 4676 v1303
1188 4609 1291 4697 sylla.
1312 4612 1380 4673 *dua
1405 4609 1560 4676 Caesaris.
1586 4613 1641 4696 qai
1657 4613 1785 4695 primas
1809 4634 1878 4676 aum

266 4716 387 4780 (luobus
410 4716 585 4780 cohortibus
609 4721 744 4782 occurrit
768 4716 994 4802 Pompeianis)
1046 4717 1132 4781 Nam
1162 4717 1254 4781 illum
1282 4739 1356 4781 curn
1381 4716 1509 4783 duabus
1538 4717 1722 4802 legionibus
1746 4717 1876 4783 uenisse

266 4823 337 4908 ipse
362 4821 486 4888 Caesar
510 4831 561 4888 est
584 4831 699 4890 auctor
722 4825 761 4889 B.
777 4822 814 4890 O.
838 4823 935 4889 11151
963 4823 1013 4889 ‘R
1031 4823 1125 4912 Sylla
1141 4848 1231 4911 quam
1246 4827 1401 4890 discedens
1417 4829 1527 4892 coatrae
1544 4827 1746 4932 prooysacarat
1761 4825 1879 4892 Caesar

1627 4931 1662 4986 32*
1808 4937 1811 4942 '
