<?xml version="1.0" encoding="UTF-8"?>
<!DOCTYPE html PUBLIC "-//W3C//DTD XHTML 1.0 Transitional//EN"
    "http://www.w3.org/TR/xhtml1/DTD/xhtml1-transitional.dtd">
<html xmlns="http://www.w3.org/1999/xhtml" xml:lang="en" lang="en">
 <head>
  <title>
</title>
<meta http-equiv="Content-Type" content="text/html;charset=utf-8" />
  <meta name='ocr-system' content='tesseract 3.04.00' />
  <meta name='ocr-capabilities' content='ocr_page ocr_carea ocr_par ocr_line ocrx_word'/>
</head>
<body>
  <div class='ocr_page' id='page_1' title='image "./scholiaueterain00lucagoog_0013.png"; bbox 0 0 4102 5732; ppageno 0'>
   <div class='ocr_carea' id='block_1_1' title="bbox 1173 253 1180 286">
    <p class='ocr_par' dir='ltr' id='par_1_1' title="bbox 1173 253 1180 286">
     <span class='ocr_line' id='line_1_1' title="bbox 1173 253 1180 286; baseline 0 0"><span class='ocrx_word' id='word_1_1' title='bbox 1173 253 1180 286; x_wconf 84' lang='lat' dir='ltr'><strong>l</strong></span> 
     </span>
    </p>
   </div>
   <div class='ocr_carea' id='block_1_2' title="bbox 860 333 1302 478">
    <p class='ocr_par' dir='ltr' id='par_1_2' title="bbox 860 333 1302 478">
     <span class='ocr_line' id='line_1_2' title="bbox 860 333 1302 478; baseline 0 -141"><span class='ocrx_word' id='word_1_2' title='bbox 860 333 1302 478; x_wconf 49' lang='lat'><strong>‘79-&#39;</strong></span> 
     </span>
    </p>
   </div>
   <div class='ocr_carea' id='block_1_3' title="bbox 180 553 2011 4754">
    <p class='ocr_par' dir='ltr' id='par_1_3' title="bbox 264 553 2011 2704">
     <span class='ocr_line' id='line_1_3' title="bbox 402 553 1983 654; baseline 0 -18"><span class='ocrx_word' id='word_1_3' title='bbox 402 568 470 643; x_wconf 83' lang='lat' dir='ltr'><strong>Sed</strong></span> <span class='ocrx_word' id='word_1_4' title='bbox 493 579 530 636; x_wconf 91' lang='grc' dir='ltr'><strong>ιιι</strong></span> <span class='ocrx_word' id='word_1_5' title='bbox 553 569 640 636; x_wconf 90' lang='lat' dir='ltr'><strong>unde</strong></span> <span class='ocrx_word' id='word_1_6' title='bbox 665 568 797 634; x_wconf 83' lang='lat' dir='ltr'><strong>deflexit</strong></span> <span class='ocrx_word' id='word_1_7' title='bbox 819 568 884 634; x_wconf 88' lang='lat' dir='ltr'><strong>iam</strong></span> <span class='ocrx_word' id='word_1_8' title='bbox 906 567 1021 632; x_wconf 89' lang='lat' dir='ltr'><strong>redeat</strong></span> <span class='ocrx_word' id='word_1_9' title='bbox 1037 566 1217 652; x_wconf 87' lang='lat' dir='ltr'><strong>disputatio</strong></span> <span class='ocrx_word' id='word_1_10' title='bbox 1241 577 1363 652; x_wconf 83' lang='lat' dir='ltr'><strong>nostra,</strong></span> <span class='ocrx_word' id='word_1_11' title='bbox 1389 589 1489 654; x_wconf 87' lang='lat' dir='ltr'><strong>supra</strong></span> <span class='ocrx_word' id='word_1_12' title='bbox 1513 568 1651 634; x_wconf 88' lang='lat' dir='ltr'><strong>strictim</strong></span> <span class='ocrx_word' id='word_1_13' title='bbox 1676 579 1709 636; x_wconf 86' lang='lat' dir='ltr'><strong>et</strong></span> <span class='ocrx_word' id='word_1_14' title='bbox 1732 570 1830 654; x_wconf 80' lang='lat' dir='ltr'><strong>quasi</strong></span> <span class='ocrx_word' id='word_1_15' title='bbox 1844 571 1879 636; x_wconf 90' lang='lat' dir='ltr'><strong>in</strong></span> <span class='ocrx_word' id='word_1_16' title='bbox 1960 553 1983 620; x_wconf 52' lang='lat' dir='ltr'><strong>b</strong></span> 
     </span>
     <span class='ocr_line' id='line_1_4' title="bbox 267 659 1879 767; baseline 0 -25"><span class='ocrx_word' id='word_1_17' title='bbox 267 687 458 767; x_wconf 87' lang='lat' dir='ltr'><strong>transcursu</strong></span> <span class='ocrx_word' id='word_1_18' title='bbox 481 659 649 764; x_wconf 73' lang='lat' dir='ltr'><strong>tetigimus</strong></span> <span class='ocrx_word' id='word_1_19' title='bbox 672 676 832 762; x_wconf 88' lang='lat' dir='ltr'><strong>quasdam</strong></span> <span class='ocrx_word' id='word_1_20' title='bbox 855 677 1093 744; x_wconf 87' lang='lat' dir='ltr'><strong>uocabulorum</strong></span> <span class='ocrx_word' id='word_1_21' title='bbox 1116 675 1408 760; x_wconf 79' lang='lat' dir='ltr'><strong>formas&#39;plebeias</strong></span> <span class='ocrx_word' id='word_1_22' title='bbox 1432 675 1487 741; x_wconf 94' lang='lat' dir='ltr'><strong>uel</strong></span> <span class='ocrx_word' id='word_1_23' title='bbox 1509 675 1675 762; x_wconf 82' lang='lat' dir='ltr'><strong>uulgares,</strong></span> <span class='ocrx_word' id='word_1_24' title='bbox 1699 701 1783 762; x_wconf 86' lang='lat' dir='ltr'><strong>quae</strong></span> <span class='ocrx_word' id='word_1_25' title='bbox 1808 679 1879 762; x_wconf 87' lang='lat' dir='ltr'><strong>qui-</strong></span> 
     </span>
     <span class='ocr_line' id='line_1_5' title="bbox 268 767 1879 872; baseline 0.001 -23"><span class='ocrx_word' id='word_1_26' title='bbox 268 784 342 852; x_wconf 89' lang='lat' dir='ltr'><strong>dem</strong></span> <span class='ocrx_word' id='word_1_27' title='bbox 365 785 411 852; x_wconf 89' lang='lat' dir='ltr'><strong>ita</strong></span> <span class='ocrx_word' id='word_1_28' title='bbox 427 793 503 850; x_wconf 88' lang='lat' dir='ltr'><strong>sunt</strong></span> <span class='ocrx_word' id='word_1_29' title='bbox 526 793 744 872; x_wconf 80' lang='lat' dir='ltr'>comparatae,</span> <span class='ocrx_word' id='word_1_30' title='bbox 763 767 806 850; x_wconf 86' lang='lat' dir='ltr'><strong>¹ut</strong></span> <span class='ocrx_word' id='word_1_31' title='bbox 828 785 862 862; x_wconf 89' lang='lat' dir='ltr'><strong>in</strong></span> <span class='ocrx_word' id='word_1_32' title='bbox 884 785 936 850; x_wconf 91' lang='lat' dir='ltr'><strong>his</strong></span> <span class='ocrx_word' id='word_1_33' title='bbox 953 784 1085 852; x_wconf 86' lang='lat' dir='ltr'><strong>scholiis</strong></span> <span class='ocrx_word' id='word_1_34' title='bbox 1110 791 1207 868; x_wconf 88' lang='lat' dir='ltr'><strong>atque</strong></span> <span class='ocrx_word' id='word_1_35' title='bbox 1231 783 1265 848; x_wconf 92' lang='lat' dir='ltr'><strong>in</strong></span> <span class='ocrx_word' id='word_1_36' title='bbox 1286 783 1349 850; x_wconf 89' lang='lat' dir='ltr'><strong>hac</strong></span> <span class='ocrx_word' id='word_1_37' title='bbox 1374 783 1414 850; x_wconf 87' lang='lat' dir='ltr'><strong>de</strong></span> <span class='ocrx_word' id='word_1_38' title='bbox 1432 791 1539 850; x_wconf 86' lang='lat' dir='ltr'><strong>aetate</strong></span> <span class='ocrx_word' id='word_1_39' title='bbox 1564 783 1763 851; x_wconf 82' lang='lat' dir='ltr'><strong>scholiorum</strong></span> <span class='ocrx_word' id='word_1_40' title='bbox 1779 809 1879 870; x_wconf 88' lang='lat' dir='ltr'><strong>quae-</strong></span> 
     </span>
     <span class='ocr_line' id='line_1_6' title="bbox 267 890 1879 978; baseline 0 -20"><span class='ocrx_word' id='word_1_41' title='bbox 267 893 372 958; x_wconf 80' lang='lat' dir='ltr'><strong>stione</strong></span> <span class='ocrx_word' id='word_1_42' title='bbox 396 916 495 977; x_wconf 87' lang='lat' dir='ltr'><strong>quam</strong></span> <span class='ocrx_word' id='word_1_43' title='bbox 517 892 716 960; x_wconf 88' lang='lat' dir='ltr'><strong>instituimus</strong></span> <span class='ocrx_word' id='word_1_44' title='bbox 740 892 872 958; x_wconf 87' lang='lat' dir='ltr'><strong>silentio</strong></span> <span class='ocrx_word' id='word_1_45' title='bbox 895 891 1112 978; x_wconf 77' lang='lat' dir='ltr'><strong>praetermitti</strong></span> <span class='ocrx_word' id='word_1_46' title='bbox 1141 914 1207 956; x_wconf 88' lang='lat' dir='ltr'><strong>non</strong></span> <span class='ocrx_word' id='word_1_47' title='bbox 1240 890 1392 958; x_wconf 84' lang='lat' dir='ltr'><strong>debeant.</strong></span> <span class='ocrx_word' id='word_1_48' title='bbox 1439 891 1549 958; x_wconf 84' lang='lat' dir='ltr'><strong>Etiam</strong></span> <span class='ocrx_word' id='word_1_49' title='bbox 1573 893 1647 978; x_wconf 91' lang='lat' dir='ltr'><strong>plus</strong></span> <span class='ocrx_word' id='word_1_50' title='bbox 1671 893 1710 958; x_wconf 92' lang='lat' dir='ltr'><strong>iis</strong></span> <span class='ocrx_word' id='word_1_51' title='bbox 1734 892 1879 958; x_wconf 89' lang='lat' dir='ltr'><strong>tribuen-</strong></span> 
     </span>
     <span class='ocr_line' id='line_1_7' title="bbox 267 997 1879 1087; baseline 0.001 -23"><span class='ocrx_word' id='word_1_52' title='bbox 267 999 344 1066; x_wconf 89' lang='lat' dir='ltr'><strong>dum</strong></span> <span class='ocrx_word' id='word_1_53' title='bbox 369 1001 439 1085; x_wconf 87' lang='lat' dir='ltr'><strong>erit,</strong></span> <span class='ocrx_word' id='word_1_54' title='bbox 464 1001 547 1066; x_wconf 90' lang='lat' dir='ltr'><strong>siin</strong></span> <span class='ocrx_word' id='word_1_55' title='bbox 570 1023 633 1067; x_wconf 92' lang='lat' dir='ltr'><strong>usu</strong></span> <span class='ocrx_word' id='word_1_56' title='bbox 657 1023 787 1086; x_wconf 90' lang='lat' dir='ltr'><strong>quoque</strong></span> <span class='ocrx_word' id='word_1_57' title='bbox 802 1000 994 1066; x_wconf 90' lang='lat' dir='ltr'><strong>.uerborum</strong></span> <span class='ocrx_word' id='word_1_58' title='bbox 1022 1007 1058 1064; x_wconf 88' lang='lat' dir='ltr'><strong>et</strong></span> <span class='ocrx_word' id='word_1_59' title='bbox 1085 998 1119 1062; x_wconf 92' lang='lat' dir='ltr'><strong>in</strong></span> <span class='ocrx_word' id='word_1_60' title='bbox 1144 997 1275 1063; x_wconf 83' lang='lat' dir='ltr'><strong>dicendi</strong></span> <span class='ocrx_word' id='word_1_61' title='bbox 1299 1023 1419 1087; x_wconf 84' lang='lat' dir='ltr'><strong>genere</strong></span> <span class='ocrx_word' id='word_1_62' title='bbox 1446 999 1593 1086; x_wconf 84' lang='lat' dir='ltr'><strong>uulgaris</strong></span> <span class='ocrx_word' id='word_1_63' title='bbox 1617 1001 1777 1066; x_wconf 86' lang='lat' dir='ltr'><strong>sermonis</strong></span> <span class='ocrx_word' id='word_1_64' title='bbox 1800 1023 1879 1066; x_wconf 88' lang='lat' dir='ltr'><strong>oon-</strong></span> 
     </span>
     <span class='ocr_line' id='line_1_8' title="bbox 266 1107 1880 1195; baseline 0 -21"><span class='ocrx_word' id='word_1_65' title='bbox 266 1107 473 1176; x_wconf 87' lang='lat' dir='ltr'><strong>suetudinem</strong></span> <span class='ocrx_word' id='word_1_66' title='bbox 498 1107 820 1195; x_wconf 88' lang='lat' dir='ltr'><strong>deprehenderimus.</strong></span> <span class='ocrx_word' id='word_1_67' title='bbox 867 1107 1112 1172; x_wconf 87' lang='lat' dir='ltr'><strong>Perlu&#39;strantes</strong></span> <span class='ocrx_word' id='word_1_68' title='bbox 1136 1107 1236 1192; x_wconf 85' lang='lat' dir='ltr'><strong>igitur</strong></span> <span class='ocrx_word' id='word_1_69' title='bbox 1253 1110 1444 1174; x_wconf 86' lang='lat' dir='ltr'><strong>uniuersam</strong></span> <span class='ocrx_word' id='word_1_70' title='bbox 1468 1107 1667 1174; x_wconf 76' lang='lat' dir='ltr'><strong>scholiorum</strong></span> <span class='ocrx_word' id='word_1_71' title='bbox 1686 1107 1880 1194; x_wconf 82' lang='lat' dir='ltr'><strong>Montepes-</strong></span> 
     </span>
     <span class='ocr_line' id='line_1_9' title="bbox 267 1214 1879 1303; baseline -0.002 -20"><span class='ocrx_word' id='word_1_72' title='bbox 267 1217 454 1284; x_wconf 89' lang='lat' dir='ltr'><strong>sulauorum</strong></span> <span class='ocrx_word' id='word_1_73' title='bbox 470 1216 587 1281; x_wconf 87' lang='lat' dir='ltr'><strong>seriem</strong></span> <span class='ocrx_word' id='word_1_74' title='bbox 611 1215 768 1281; x_wconf 89' lang='lat' dir='ltr'><strong>iudicium</strong></span> <span class='ocrx_word' id='word_1_75' title='bbox 784 1239 849 1280; x_wconf 89' lang='lat' dir='ltr'><strong>non</strong></span> <span class='ocrx_word' id='word_1_76' title='bbox 873 1217 1015 1280; x_wconf 79' lang='lat' dir='ltr'><strong>feremus</strong></span> <span class='ocrx_word' id='word_1_77' title='bbox 1041 1214 1082 1280; x_wconf 91' lang='lat' dir='ltr'><strong>de</strong></span> <span class='ocrx_word' id='word_1_78' title='bbox 1107 1215 1257 1280; x_wconf 87' lang='lat' dir='ltr'><strong>omnibus</strong></span> <span class='ocrx_word' id='word_1_79' title='bbox 1282 1237 1497 1300; x_wconf 89' lang='lat' dir='ltr'><strong>quaecunque</strong></span> <span class='ocrx_word' id='word_1_80' title='bbox 1522 1215 1717 1282; x_wconf 83' lang='lat' dir='ltr'><strong>abonorum</strong></span> <span class='ocrx_word' id='word_1_81' title='bbox 1740 1216 1879 1303; x_wconf 89' lang='lat' dir='ltr'><strong>scripto-</strong></span> 
     </span>
     <span class='ocr_line' id='line_1_10' title="bbox 265 1321 1879 1409; baseline -0.001 -19"><span class='ocrx_word' id='word_1_82' title='bbox 265 1348 337 1391; x_wconf 89' lang='lat' dir='ltr'><strong>rum</strong></span> <span class='ocrx_word' id='word_1_83' title='bbox 354 1323 593 1390; x_wconf 88' lang='lat' dir='ltr'><strong>cousuetudine</strong></span> <span class='ocrx_word' id='word_1_84' title='bbox 610 1323 788 1390; x_wconf 86' lang='lat' dir='ltr'><strong>abhorrent</strong></span> <span class='ocrx_word' id='word_1_85' title='bbox 803 1325 1013 1409; x_wconf 87' lang='lat' dir='ltr'><strong>(peruersum</strong></span> <span class='ocrx_word' id='word_1_86' title='bbox 1028 1321 1091 1388; x_wconf 88' lang='lat' dir='ltr'><strong>hoo</strong></span> <span class='ocrx_word' id='word_1_87' title='bbox 1108 1329 1197 1388; x_wconf 85' lang='lat' dir='ltr'><strong>esset</strong></span> <span class='ocrx_word' id='word_1_88' title='bbox 1218 1321 1251 1386; x_wconf 90' lang='lat' dir='ltr'><strong>in</strong></span> <span class='ocrx_word' id='word_1_89' title='bbox 1276 1322 1435 1408; x_wconf 86' lang='lat' dir='ltr'><strong>scriptore</strong></span> <span class='ocrx_word' id='word_1_90' title='bbox 1447 1323 1508 1408; x_wconf 71' lang='lat' dir='ltr'><strong>[qui</strong></span> <span class='ocrx_word' id='word_1_91' title='bbox 1531 1323 1623 1409; x_wconf 89' lang='lat' dir='ltr'><strong>prius</strong></span> <span class='ocrx_word' id='word_1_92' title='bbox 1643 1347 1740 1408; x_wconf 90' lang='lat' dir='ltr'><strong>quam</strong></span> <span class='ocrx_word' id='word_1_93' title='bbox 1764 1323 1879 1409; x_wconf 89' lang='lat' dir='ltr'><strong>quinto</strong></span> 
     </span>
     <span class='ocr_line' id='line_1_11' title="bbox 266 1429 1878 1520; baseline -0.002 -20"><span class='ocrx_word' id='word_1_94' title='bbox 266 1433 397 1502; x_wconf 86' lang='lat' dir='ltr'><strong>saeculo</strong></span> <span class='ocrx_word' id='word_1_95' title='bbox 422 1439 511 1498; x_wconf 86' lang='lat' dir='ltr'><strong>certe</strong></span> <span class='ocrx_word' id='word_1_96' title='bbox 536 1454 601 1499; x_wconf 91' lang='lat' dir='ltr'><strong>non</strong></span> <span class='ocrx_word' id='word_1_97' title='bbox 624 1431 700 1517; x_wconf 84' lang='lat' dir='ltr'><strong>suit)</strong></span> <span class='ocrx_word' id='word_1_98' title='bbox 721 1430 781 1496; x_wconf 89' lang='lat' dir='ltr'><strong>sed</strong></span> <span class='ocrx_word' id='word_1_99' title='bbox 805 1429 845 1495; x_wconf 88' lang='lat' dir='ltr'><strong>de</strong></span> <span class='ocrx_word' id='word_1_100' title='bbox 869 1430 909 1494; x_wconf 89' lang='lat' dir='ltr'><strong>iis</strong></span> <span class='ocrx_word' id='word_1_101' title='bbox 932 1437 1082 1513; x_wconf 39' lang='lat' dir='ltr'><strong>tantumY</strong></span> <span class='ocrx_word' id='word_1_102' title='bbox 1100 1453 1184 1514; x_wconf 87' lang='lat' dir='ltr'><strong>quae</strong></span> <span class='ocrx_word' id='word_1_103' title='bbox 1209 1429 1358 1514; x_wconf 87' lang='lat' dir='ltr'><strong>quamuis</strong></span> <span class='ocrx_word' id='word_1_104' title='bbox 1384 1429 1566 1497; x_wconf 85' lang='lat' dir='ltr'><strong>eoadentis</strong></span> <span class='ocrx_word' id='word_1_105' title='bbox 1595 1431 1723 1518; x_wconf 89' lang='lat' dir='ltr'><strong>imperii</strong></span> <span class='ocrx_word' id='word_1_106' title='bbox 1745 1433 1878 1520; x_wconf 82' lang='lat' dir='ltr'><strong>ingenio</strong></span> 
     </span>
     <span class='ocr_line' id='line_1_12' title="bbox 265 1533 2011 1632; baseline 0 -28"><span class='ocrx_word' id='word_1_107' title='bbox 265 1540 410 1608; x_wconf 86' lang='lat' dir='ltr'><strong>iudicata</strong></span> <span class='ocrx_word' id='word_1_108' title='bbox 439 1548 549 1606; x_wconf 86' lang='lat' dir='ltr'><strong>tamen</strong></span> <span class='ocrx_word' id='word_1_109' title='bbox 589 1539 733 1606; x_wconf 86' lang='lat' dir='ltr'><strong>habeant</strong></span> <span class='ocrx_word' id='word_1_110' title='bbox 768 1546 903 1626; x_wconf 88' lang='lat' dir='ltr'><strong>propter</strong></span> <span class='ocrx_word' id='word_1_111' title='bbox 932 1536 1022 1621; x_wconf 92' lang='lat' dir='ltr'><strong>quod</strong></span> <span class='ocrx_word' id='word_1_112' title='bbox 1050 1546 1218 1603; x_wconf 88' lang='lat' dir='ltr'><strong>notentur.</strong></span> <span class='ocrx_word' id='word_1_113' title='bbox 1269 1537 1388 1622; x_wconf 86' lang='lat' dir='ltr'><strong>Itaque</strong></span> <span class='ocrx_word' id='word_1_114' title='bbox 1416 1543 1493 1603; x_wconf 82' lang='lat' dir='ltr'><strong>non&#39;</strong></span> <span class='ocrx_word' id='word_1_115' title='bbox 1511 1538 1717 1606; x_wconf 83' lang='lat' dir='ltr'><strong>haerebimus</strong></span> <span class='ocrx_word' id='word_1_116' title='bbox 1751 1541 1786 1604; x_wconf 93' lang='lat' dir='ltr'><strong>in</strong></span> <span class='ocrx_word' id='word_1_117' title='bbox 1816 1561 1878 1605; x_wconf 89' lang='lat' dir='ltr'><strong>usu</strong></span> <span class='ocrx_word' id='word_1_118' title='bbox 1935 1559 1972 1632; x_wconf 38' lang='grc' dir='ltr'><strong>ξ’,</strong></span> <span class='ocrx_word' id='word_1_119' title='bbox 1992 1533 2011 1594; x_wconf 53' lang='lat'><strong>¹¹².</strong></span> 
     </span>
     <span class='ocr_line' id='line_1_13' title="bbox 265 1644 1878 1734; baseline -0.001 -20"><span class='ocrx_word' id='word_1_120' title='bbox 265 1647 544 1734; x_wconf 84' lang='lat' dir='ltr'><strong>praepositionum</strong></span> <span class='ocrx_word' id='word_1_121' title='bbox 568 1670 643 1714; x_wconf 90' lang='lat' dir='ltr'><strong>cum</strong></span> <span class='ocrx_word' id='word_1_122' title='bbox 667 1646 850 1713; x_wconf 90' lang='lat' dir='ltr'><strong>ciuitatium</strong></span> <span class='ocrx_word' id='word_1_123' title='bbox 873 1644 1059 1710; x_wconf 88' lang='lat' dir='ltr'><strong>nominibus</strong></span> <span class='ocrx_word' id='word_1_124' title='bbox 1082 1645 1275 1733; x_wconf 85' lang='lat' dir='ltr'><strong>positarum,</strong></span> <span class='ocrx_word' id='word_1_125' title='bbox 1300 1669 1317 1711; x_wconf 89' lang='lat' dir='ltr'><strong>e</strong></span> <span class='ocrx_word' id='word_1_126' title='bbox 1343 1669 1481 1730; x_wconf 90' lang='lat' dir='ltr'><strong>quarum</strong></span> <span class='ocrx_word' id='word_1_127' title='bbox 1507 1669 1643 1712; x_wconf 89' lang='lat' dir='ltr'><strong>numero</strong></span> <span class='ocrx_word' id='word_1_128' title='bbox 1666 1656 1704 1713; x_wconf 89' lang='lat' dir='ltr'><strong>ut</strong></span> <span class='ocrx_word' id='word_1_129' title='bbox 1728 1647 1878 1733; x_wconf 85' lang='lat' dir='ltr'><strong>exemplo</strong></span> 
     </span>
     <span class='ocr_line' id='line_1_14' title="bbox 265 1751 1877 1842; baseline 0.001 -23"><span class='ocrx_word' id='word_1_130' title='bbox 265 1764 340 1820; x_wconf 88' lang='lat' dir='ltr'><strong>utar</strong></span> <span class='ocrx_word' id='word_1_131' title='bbox 362 1754 445 1821; x_wconf 93' lang='lat' dir='ltr'><strong>illud</strong></span> <span class='ocrx_word' id='word_1_132' title='bbox 469 1754 593 1842; x_wconf 82' lang='lat' dir='ltr'><strong>‘apud</strong></span> <span class='ocrx_word' id='word_1_133' title='bbox 616 1755 752 1820; x_wconf 89' lang='lat' dir='ltr'><strong>urbem</strong></span> <span class='ocrx_word' id='word_1_134' title='bbox 774 1751 949 1820; x_wconf 82' lang='lat' dir='ltr'><strong>Rornam’</strong></span> <span class='ocrx_word' id='word_1_135' title='bbox 973 1753 1065 1837; x_wconf 90' lang='lat' dir='ltr'><strong>quod</strong></span> <span class='ocrx_word' id='word_1_136' title='bbox 1093 1753 1226 1838; x_wconf 90' lang='lat' dir='ltr'><strong>quidem</strong></span> <span class='ocrx_word' id='word_1_137' title='bbox 1249 1753 1283 1818; x_wconf 91' lang='lat' dir='ltr'><strong>in</strong></span> <span class='ocrx_word' id='word_1_138' title='bbox 1304 1753 1429 1820; x_wconf 89' lang='lat' dir='ltr'><strong>scholio</strong></span> <span class='ocrx_word' id='word_1_139' title='bbox 1453 1754 1496 1821; x_wconf 88' lang='lat' dir='ltr'><strong>ad</strong></span> <span class='ocrx_word' id='word_1_140' title='bbox 1517 1756 1618 1822; x_wconf 88' lang='lat'>1604</span> <span class='ocrx_word' id='word_1_141' title='bbox 1639 1779 1701 1840; x_wconf 93' lang='lat' dir='ltr'><strong>pro</strong></span> <span class='ocrx_word' id='word_1_142' title='bbox 1726 1754 1773 1820; x_wconf 69' lang='lat' dir='ltr'><strong>ein</strong></span> <span class='ocrx_word' id='word_1_143' title='bbox 1796 1755 1877 1820; x_wconf 90' lang='lat' dir='ltr'><strong>urbe</strong></span> 
     </span>
     <span class='ocr_line' id='line_1_15' title="bbox 266 1860 1880 1948; baseline 0 -20"><span class='ocrx_word' id='word_1_144' title='bbox 266 1861 381 1929; x_wconf 78' lang='lat' dir='ltr'><strong>Roma&#39;</strong></span> <span class='ocrx_word' id='word_1_145' title='bbox 407 1863 560 1946; x_wconf 82' lang='lat' dir='ltr'><strong>occurrit,</strong></span> <span class='ocrx_word' id='word_1_146' title='bbox 584 1861 663 1928; x_wconf 90' lang='lat' dir='ltr'><strong>nibil</strong></span> <span class='ocrx_word' id='word_1_147' title='bbox 686 1861 786 1928; x_wconf 87' lang='lat' dir='ltr'><strong>habet</strong></span> <span class='ocrx_word' id='word_1_148' title='bbox 802 1861 998 1927; x_wconf 86' lang='lat' dir='ltr'><strong>offensionis.</strong></span> <span class='ocrx_word' id='word_1_149' title='bbox 1045 1861 1218 1927; x_wconf 85' lang='lat' dir='ltr'><strong>Narniam</strong></span> <span class='ocrx_word' id='word_1_150' title='bbox 1241 1860 1514 1932; x_wconf 79' lang='lat' dir='ltr'><strong>inTacitilibris</strong></span> <span class='ocrx_word' id='word_1_151' title='bbox 1539 1863 1685 1948; x_wconf 83' lang='lat' dir='ltr'><strong>reperias</strong></span> <span class='ocrx_word' id='word_1_152' title='bbox 1714 1863 1801 1928; x_wconf 90' lang='lat' dir='ltr'><strong>Anu.</strong></span> <span class='ocrx_word' id='word_1_153' title='bbox 1825 1882 1880 1928; x_wconf 85' lang='lat' dir='ltr'><strong>nu</strong></span> 
     </span>
     <span class='ocr_line' id='line_1_16' title="bbox 266 1969 1879 2058; baseline -0.001 -22"><span class='ocrx_word' id='word_1_154' title='bbox 266 1972 306 2036; x_wconf 93' lang='grc'><strong>27</strong></span> <span class='ocrx_word' id='word_1_155' title='bbox 333 1972 422 2056; x_wconf 81' lang='lat' dir='ltr'><strong>apud</strong></span> <span class='ocrx_word' id='word_1_156' title='bbox 451 1971 668 2052; x_wconf 77' lang='lat' dir='ltr'><strong>Brundisium,</strong></span> <span class='ocrx_word' id='word_1_157' title='bbox 698 1970 738 2034; x_wconf 85' lang='grc'><strong>37</strong></span> <span class='ocrx_word' id='word_1_158' title='bbox 766 1972 915 2055; x_wconf 81' lang='lat' dir='ltr'><strong>tcmplmn</strong></span> <span class='ocrx_word' id='word_1_159' title='bbox 945 1971 1032 2055; x_wconf 87' lang='lat' dir='ltr'><strong>apnd</strong></span> <span class='ocrx_word' id='word_1_160' title='bbox 1060 1970 1267 2056; x_wconf 74' lang='lat' dir='ltr'><strong>Perpamarn,</strong></span> <span class='ocrx_word' id='word_1_161' title='bbox 1298 1969 1339 2034; x_wconf 79' lang='grc'><strong>57</strong></span> <span class='ocrx_word' id='word_1_162' title='bbox 1364 1972 1481 2056; x_wconf 85' lang='lat' dir='ltr'><strong>templa</strong></span> <span class='ocrx_word' id='word_1_163' title='bbox 1508 1972 1596 2056; x_wconf 80' lang='lat' dir='ltr'><strong>apud</strong></span> <span class='ocrx_word' id='word_1_164' title='bbox 1623 1971 1765 2058; x_wconf 82' lang='lat' dir='ltr'><strong>Capuam</strong></span> <span class='ocrx_word' id='word_1_165' title='bbox 1793 1971 1879 2053; x_wconf 86' lang='lat' dir='ltr'><strong>Ioni,</strong></span> 
     </span>
     <span class='ocr_line' id='line_1_17' title="bbox 266 2061 1877 2164; baseline 0.001 -22"><span class='ocrx_word' id='word_1_166' title='bbox 266 2079 353 2164; x_wconf 86' lang='lat' dir='ltr'><strong>apnd</strong></span> <span class='ocrx_word' id='word_1_167' title='bbox 375 2079 495 2144; x_wconf 88' lang='lat' dir='ltr'><strong>Nolam</strong></span> <span class='ocrx_word' id='word_1_168' title='bbox 518 2079 674 2164; x_wconf 73' lang='lat' dir='ltr'><strong>Aspasia,</strong></span> <span class='ocrx_word' id='word_1_169' title='bbox 700 2061 1032 2163; x_wconf 55' lang='lat' dir='ltr'><strong>&amp;amphitheatrum</strong></span> <span class='ocrx_word' id='word_1_170' title='bbox 1057 2079 1143 2163; x_wconf 85' lang='lat' dir='ltr'><strong>apnd</strong></span> <span class='ocrx_word' id='word_1_171' title='bbox 1164 2077 1339 2142; x_wconf 76' lang='lat' dir='ltr'><strong>Fidenam:</strong></span> <span class='ocrx_word' id='word_1_172' title='bbox 1365 2077 1428 2142; x_wconf 86' lang='lat' dir='ltr'><strong>alia</strong></span> <span class='ocrx_word' id='word_1_173' title='bbox 1449 2077 1596 2144; x_wconf 89' lang='lat' dir='ltr'><strong>eiusdem</strong></span> <span class='ocrx_word' id='word_1_174' title='bbox 1620 2077 1750 2164; x_wconf 83' lang='lat' dir='ltr'><strong>generis</strong></span> <span class='ocrx_word' id='word_1_175' title='bbox 1766 2077 1877 2144; x_wconf 89' lang='lat' dir='ltr'><strong>multa.</strong></span> 
     </span>
     <span class='ocr_line' id='line_1_18' title="bbox 266 2181 1879 2272; baseline 0.002 -24"><span class='ocrx_word' id='word_1_176' title='bbox 266 2181 332 2266; x_wconf 76' lang='lat' dir='ltr'><strong>Qui</strong></span> <span class='ocrx_word' id='word_1_177' title='bbox 360 2207 439 2252; x_wconf 86' lang='lat' dir='ltr'><strong>usus</strong></span> <span class='ocrx_word' id='word_1_178' title='bbox 469 2207 646 2269; x_wconf 85' lang='lat' dir='ltr'><strong>numquam</strong></span> <span class='ocrx_word' id='word_1_179' title='bbox 671 2185 788 2250; x_wconf 84' lang='lat' dir='ltr'><strong>exinde</strong></span> <span class='ocrx_word' id='word_1_180' title='bbox 818 2185 1023 2270; x_wconf 86' lang='lat' dir='ltr'><strong>intermissus</strong></span> <span class='ocrx_word' id='word_1_181' title='bbox 1054 2184 1249 2268; x_wconf 82' lang='lat' dir='ltr'><strong>quibusdam</strong></span> <span class='ocrx_word' id='word_1_182' title='bbox 1279 2185 1495 2272; x_wconf 86' lang='lat' dir='ltr'><strong>scriptoribus</strong></span> <span class='ocrx_word' id='word_1_183' title='bbox 1523 2186 1558 2250; x_wconf 92' lang='lat' dir='ltr'><strong>in</strong></span> <span class='ocrx_word' id='word_1_184' title='bbox 1588 2185 1713 2252; x_wconf 89' lang='lat' dir='ltr'><strong>deliciis</strong></span> <span class='ocrx_word' id='word_1_185' title='bbox 1741 2186 1804 2252; x_wconf 87' lang='lat' dir='ltr'><strong>fuit</strong></span> <span class='ocrx_word' id='word_1_186' title='bbox 1842 2195 1879 2251; x_wconf 91' lang='lat' dir='ltr'><strong>ut</strong></span> 
     </span>
     <span class='ocr_line' id='line_1_19' title="bbox 264 2291 1879 2380; baseline 0 -22"><span class='ocrx_word' id='word_1_187' title='bbox 264 2293 439 2358; x_wconf 86' lang='lat' dir='ltr'><strong>Ammiano</strong></span> <span class='ocrx_word' id='word_1_188' title='bbox 468 2291 665 2358; x_wconf 87' lang='lat' dir='ltr'><strong>Marcellino</strong></span> <span class='ocrx_word' id='word_1_189' title='bbox 691 2303 716 2358; x_wconf 86' lang='lat' dir='ltr'><strong>&#39;e</strong></span> <span class='ocrx_word' id='word_1_190' title='bbox 751 2293 844 2359; x_wconf 88' lang='lat' dir='ltr'><strong>cuius</strong></span> <span class='ocrx_word' id='word_1_191' title='bbox 873 2293 965 2360; x_wconf 90' lang='lat' dir='ltr'><strong>libris</strong></span> <span class='ocrx_word' id='word_1_192' title='bbox 995 2293 1100 2380; x_wconf 89' lang='lat' dir='ltr'><strong>primo</strong></span> <span class='ocrx_word' id='word_1_193' title='bbox 1131 2293 1240 2360; x_wconf 87' lang='lat' dir='ltr'><strong>statim</strong></span> <span class='ocrx_word' id='word_1_194' title='bbox 1270 2303 1409 2380; x_wconf 87' lang='lat' dir='ltr'><strong>aspectu</strong></span> <span class='ocrx_word' id='word_1_195' title='bbox 1438 2303 1471 2360; x_wconf 86' lang='lat' dir='ltr'><strong>et</strong></span> <span class='ocrx_word' id='word_1_196' title='bbox 1500 2296 1593 2377; x_wconf 86' lang='lat' dir='ltr'><strong>quasi</strong></span> <span class='ocrx_word' id='word_1_197' title='bbox 1623 2293 1657 2358; x_wconf 89' lang='lat' dir='ltr'><strong>in</strong></span> <span class='ocrx_word' id='word_1_198' title='bbox 1687 2301 1879 2360; x_wconf 87' lang='lat' dir='ltr'><strong>transcursu</strong></span> 
     </span>
     <span class='ocr_line' id='line_1_20' title="bbox 264 2399 1877 2490; baseline 0 -24"><span class='ocrx_word' id='word_1_199' title='bbox 264 2399 369 2485; x_wconf 87' lang='lat' dir='ltr'><strong>petita</strong></span> <span class='ocrx_word' id='word_1_200' title='bbox 397 2400 480 2467; x_wconf 85' lang='lat' dir='ltr'><strong>haec</strong></span> <span class='ocrx_word' id='word_1_201' title='bbox 509 2424 657 2488; x_wconf 89' lang='lat' dir='ltr'><strong>appono:</strong></span> <span class='ocrx_word' id='word_1_202' title='bbox 693 2403 824 2468; x_wconf 75' lang='lat' dir='ltr'>XXVII</span> <span class='ocrx_word' id='word_1_203' title='bbox 860 2405 895 2466; x_wconf 87' lang='lat' dir='ltr'><strong>in</strong></span> <span class='ocrx_word' id='word_1_204' title='bbox 914 2401 1055 2488; x_wconf 79' lang='lat' dir='ltr'><strong>fnllcnic</strong></span> <span class='ocrx_word' id='word_1_205' title='bbox 1079 2414 1172 2467; x_wconf 82' lang='lat' dir='ltr'><strong>natas</strong></span> <span class='ocrx_word' id='word_1_206' title='bbox 1189 2403 1280 2488; x_wconf 85' lang='lat' dir='ltr'><strong>apnd</strong></span> <span class='ocrx_word' id='word_1_207' title='bbox 1301 2402 1533 2490; x_wconf 64' lang='lat' dir='ltr'><strong>Epiphaniam,</strong></span> <span class='ocrx_word' id='word_1_208' title='bbox 1558 2401 1689 2468; x_wconf 83' lang='lat' dir='ltr'><strong>Ciliciae</strong></span> <span class='ocrx_word' id='word_1_209' title='bbox 1714 2403 1877 2488; x_wconf 79' lang='lat' dir='ltr'><strong>oppidum,</strong></span> 
     </span>
     <span class='ocr_line' id='line_1_21' title="bbox 264 2507 1878 2598; baseline -0.001 -24"><span class='ocrx_word' id='word_1_210' title='bbox 264 2511 337 2574; x_wconf 82' lang='lat' dir='ltr'><strong>x&#39;xv</strong></span> <span class='ocrx_word' id='word_1_211' title='bbox 362 2509 382 2574; x_wconf 90' lang='grc'>3</span> <span class='ocrx_word' id='word_1_212' title='bbox 410 2521 501 2573; x_wconf 85' lang='lat' dir='ltr'><strong>natas</strong></span> <span class='ocrx_word' id='word_1_213' title='bbox 520 2509 612 2594; x_wconf 77' lang='lat' dir='ltr'><strong>&#39;apud</strong></span> <span class='ocrx_word' id='word_1_214' title='bbox 641 2508 946 2595; x_wconf 82' lang='lat' dir='ltr'><strong>Constantinopolim</strong></span> <span class='ocrx_word' id='word_1_215' title='bbox 969 2527 1080 2578; x_wconf 78' lang='lat' dir='ltr'><strong>xxvm</strong></span> <span class='ocrx_word' id='word_1_216' title='bbox 1103 2513 1123 2575; x_wconf 89' lang='lat'>6</span> <span class='ocrx_word' id='word_1_217' title='bbox 1148 2508 1204 2595; x_wconf 87' lang='lat' dir='ltr'><strong>qni</strong></span> <span class='ocrx_word' id='word_1_218' title='bbox 1226 2507 1377 2598; x_wconf 68' lang='lat' dir='ltr'><strong>Seuerum</strong></span> <span class='ocrx_word' id='word_1_219' title='bbox 1401 2511 1488 2596; x_wconf 83' lang='lat' dir='ltr'><strong>apnd</strong></span> <span class='ocrx_word' id='word_1_220' title='bbox 1516 2508 1740 2596; x_wconf 77' lang='lat' dir='ltr'><strong>Cartbapinem</strong></span> <span class='ocrx_word' id='word_1_221' title='bbox 1769 2511 1878 2573; x_wconf 85' lang='lat' dir='ltr'><strong>incan-</strong></span> 
     </span>
     <span class='ocr_line' id='line_1_22' title="bbox 266 2615 1877 2704; baseline 0 -24"><span class='ocrx_word' id='word_1_222' title='bbox 266 2629 332 2680; x_wconf 81' lang='lat' dir='ltr'><strong>tnm</strong></span> <span class='ocrx_word' id='word_1_223' title='bbox 355 2635 431 2682; x_wconf 81' lang='lat' dir='ltr'><strong>xxx</strong></span> <span class='ocrx_word' id='word_1_224' title='bbox 463 2617 480 2681; x_wconf 93' lang='grc'>7</span> <span class='ocrx_word' id='word_1_225' title='bbox 505 2629 597 2682; x_wconf 83' lang='lat' dir='ltr'><strong>natm</strong></span> <span class='ocrx_word' id='word_1_226' title='bbox 621 2619 708 2702; x_wconf 84' lang='lat' dir='ltr'><strong>apnd</strong></span> <span class='ocrx_word' id='word_1_227' title='bbox 723 2615 861 2699; x_wconf 75' lang='lat' dir='ltr'><strong>Cibalas,</strong></span> <span class='ocrx_word' id='word_1_228' title='bbox 885 2617 1073 2684; x_wconf 82' lang='lat' dir='ltr'><strong>Pannoniae</strong></span> <span class='ocrx_word' id='word_1_229' title='bbox 1091 2619 1243 2704; x_wconf 80' lang='lat' dir='ltr'><strong>oppidum</strong></span> <span class='ocrx_word' id='word_1_230' title='bbox 1267 2625 1300 2702; x_wconf 86' lang='lat' dir='ltr'><strong>et</strong></span> <span class='ocrx_word' id='word_1_231' title='bbox 1316 2615 1439 2683; x_wconf 89' lang='lat' dir='ltr'><strong>ibidem</strong></span> <span class='ocrx_word' id='word_1_232' title='bbox 1455 2616 1638 2693; x_wconf 50' lang='lat' dir='ltr'><strong>lindatibns</strong></span> <span class='ocrx_word' id='word_1_233' title='bbox 1653 2619 1877 2704; x_wconf 72' lang='lat' dir='ltr'><strong>inmeratoriaa</strong></span> 
     </span>
    </p>

    <p class='ocr_par' dir='ltr' id='par_1_4' title="bbox 203 2723 905 2810">
     <span class='ocr_line' id='line_1_23' title="bbox 203 2723 905 2810; baseline 0 -22"><span class='ocrx_word' id='word_1_234' title='bbox 203 2723 206 2726; x_wconf 73' lang='grc'><strong>’</strong></span> <span class='ocrx_word' id='word_1_235' title='bbox 264 2727 439 2790; x_wconf 87' lang='lat' dir='ltr'><strong>maiestatis</strong></span> <span class='ocrx_word' id='word_1_236' title='bbox 462 2727 551 2810; x_wconf 84' lang='lat' dir='ltr'><strong>apnd</strong></span> <span class='ocrx_word' id='word_1_237' title='bbox 573 2726 730 2790; x_wconf 78' lang='lat' dir='ltr'><strong>Nicaeam</strong></span> <span class='ocrx_word' id='word_1_238' title='bbox 755 2723 905 2790; x_wconf 80' lang='lat' dir='ltr'><strong>ornatna’</strong></span> 
     </span>
    </p>

    <p class='ocr_par' dir='ltr' id='par_1_5' title="bbox 264 2825 1899 3458">
     <span class='ocr_line' id='line_1_24' title="bbox 395 2825 1899 2920; baseline 0.003 -24"><span class='ocrx_word' id='word_1_239' title='bbox 395 2832 606 2920; x_wconf 20' lang='lat' dir='ltr'><strong>&#39;Praepositio</strong></span> <span class='ocrx_word' id='word_1_240' title='bbox 631 2829 704 2897; x_wconf 77' lang='lat' dir='ltr'><strong>‘in’</strong></span> <span class='ocrx_word' id='word_1_241' title='bbox 729 2855 802 2898; x_wconf 89' lang='lat' dir='ltr'><strong>cum</strong></span> <span class='ocrx_word' id='word_1_242' title='bbox 827 2833 971 2898; x_wconf 89' lang='lat' dir='ltr'><strong>ablatiuo</strong></span> <span class='ocrx_word' id='word_1_243' title='bbox 988 2832 1127 2898; x_wconf 89' lang='lat' dir='ltr'><strong>nominis</strong></span> <span class='ocrx_word' id='word_1_244' title='bbox 1144 2831 1337 2898; x_wconf 85' lang='lat' dir='ltr'><strong>ciuitatiium</strong></span> <span class='ocrx_word' id='word_1_245' title='bbox 1352 2856 1371 2897; x_wconf 88' lang='lat' dir='ltr'><strong>a</strong></span> <span class='ocrx_word' id='word_1_246' title='bbox 1386 2832 1511 2898; x_wconf 80' lang='lat' dir='ltr'><strong>ferreae</strong></span> <span class='ocrx_word' id='word_1_247' title='bbox 1529 2825 1646 2898; x_wconf 80' lang='lat' dir='ltr'><strong>atatis</strong></span> <span class='ocrx_word' id='word_1_248' title='bbox 1663 2831 1877 2918; x_wconf 84' lang='lat' dir='ltr'><strong>scriptoribus</strong></span> <span class='ocrx_word' id='word_1_249' title='bbox 1894 2891 1899 2902; x_wconf 93' lang='lat'><strong>.</strong></span> 
     </span>
     <span class='ocr_line' id='line_1_25' title="bbox 265 2937 1876 3027; baseline -0.001 -23"><span class='ocrx_word' id='word_1_250' title='bbox 265 2939 456 3026; x_wconf 87' lang='lat' dir='ltr'><strong>saepissime</strong></span> <span class='ocrx_word' id='word_1_251' title='bbox 485 2940 633 3026; x_wconf 89' lang='lat' dir='ltr'><strong>ponitur:</strong></span> <span class='ocrx_word' id='word_1_252' title='bbox 672 2963 752 3006; x_wconf 90' lang='lat' dir='ltr'><strong>caue</strong></span> <span class='ocrx_word' id='word_1_253' title='bbox 782 2948 891 3006; x_wconf 89' lang='lat' dir='ltr'><strong>autem</strong></span> <span class='ocrx_word' id='word_1_254' title='bbox 915 2937 1068 3006; x_wconf 83' lang='lat' dir='ltr'><strong>omissam</strong></span> <span class='ocrx_word' id='word_1_255' title='bbox 1091 2949 1188 3027; x_wconf 88' lang='lat' dir='ltr'><strong>putes</strong></span> <span class='ocrx_word' id='word_1_256' title='bbox 1211 2941 1245 3005; x_wconf 93' lang='lat' dir='ltr'><strong>in</strong></span> <span class='ocrx_word' id='word_1_257' title='bbox 1269 2940 1380 3006; x_wconf 89' lang='lat' dir='ltr'><strong>uerbis</strong></span> <span class='ocrx_word' id='word_1_258' title='bbox 1403 2963 1489 3026; x_wconf 88' lang='lat' dir='ltr'><strong>quae</strong></span> <span class='ocrx_word' id='word_1_259' title='bbox 1518 2951 1595 3008; x_wconf 89' lang='lat' dir='ltr'><strong>sunt</strong></span> <span class='ocrx_word' id='word_1_260' title='bbox 1617 2963 1640 3008; x_wconf 88' lang='lat' dir='ltr'><strong>v</strong></span> <span class='ocrx_word' id='word_1_261' title='bbox 1663 2941 1728 3006; x_wconf 93' lang='grc'><strong>477</strong></span> <span class='ocrx_word' id='word_1_262' title='bbox 1752 2962 1876 3004; x_wconf 85' lang='lat' dir='ltr'><strong>reman-</strong></span> 
     </span>
     <span class='ocr_line' id='line_1_26' title="bbox 264 3046 1878 3133; baseline 0.001 -23"><span class='ocrx_word' id='word_1_263' title='bbox 264 3059 348 3114; x_wconf 86' lang='lat' dir='ltr'><strong>serat</strong></span> <span class='ocrx_word' id='word_1_264' title='bbox 369 3049 555 3114; x_wconf 76' lang='lat' dir='ltr'><strong>Brundisio.</strong></span> <span class='ocrx_word' id='word_1_265' title='bbox 602 3047 689 3112; x_wconf 89' lang='lat' dir='ltr'><strong>Nam</strong></span> <span class='ocrx_word' id='word_1_266' title='bbox 720 3047 922 3114; x_wconf 73' lang='lat' dir='ltr'><strong>‘Brundisio’</strong></span> <span class='ocrx_word' id='word_1_267' title='bbox 945 3049 1116 3114; x_wconf 86' lang='lat' dir='ltr'><strong>¹ablatiuus</strong></span> <span class='ocrx_word' id='word_1_268' title='bbox 1147 3047 1317 3114; x_wconf 88' lang='lat' dir='ltr'><strong>habendus</strong></span> <span class='ocrx_word' id='word_1_269' title='bbox 1342 3056 1392 3113; x_wconf 85' lang='lat' dir='ltr'><strong>est</strong></span> <span class='ocrx_word' id='word_1_270' title='bbox 1424 3069 1493 3114; x_wconf 87' lang='lat' dir='ltr'><strong>non</strong></span> <span class='ocrx_word' id='word_1_271' title='bbox 1526 3046 1753 3115; x_wconf 83' lang='lat' dir='ltr'><strong>subaudienda</strong></span> <span class='ocrx_word' id='word_1_272' title='bbox 1783 3069 1878 3133; x_wconf 88' lang='lat' dir='ltr'><strong>prae-</strong></span> 
     </span>
     <span class='ocr_line' id='line_1_27' title="bbox 264 3137 1877 3242; baseline 0 -22"><span class='ocrx_word' id='word_1_273' title='bbox 264 3157 426 3242; x_wconf 87' lang='lat' dir='ltr'><strong>positione</strong></span> <span class='ocrx_word' id='word_1_274' title='bbox 460 3154 518 3221; x_wconf 72' lang='lat' dir='ltr'><strong>‘in’</strong></span> <span class='ocrx_word' id='word_1_275' title='bbox 550 3157 688 3242; x_wconf 90' lang='lat' dir='ltr'><strong>positus.</strong></span> <span class='ocrx_word' id='word_1_276' title='bbox 747 3157 879 3222; x_wconf 82' lang='lat' dir='ltr'><strong>Etenim</strong></span> <span class='ocrx_word' id='word_1_277' title='bbox 894 3164 1020 3242; x_wconf 85' lang='lat' dir='ltr'><strong>quarto</strong></span> <span class='ocrx_word' id='word_1_278' title='bbox 1044 3180 1077 3242; x_wconf 92' lang='lat' dir='ltr'><strong>p.</strong></span> <span class='ocrx_word' id='word_1_279' title='bbox 1103 3137 1180 3222; x_wconf 79' lang='lat' dir='ltr'><strong>Ohr&#39;.</strong></span> <span class='ocrx_word' id='word_1_280' title='bbox 1206 3150 1338 3222; x_wconf 82' lang='lat' dir='ltr'><strong>saeculo</strong></span> <span class='ocrx_word' id='word_1_281' title='bbox 1364 3164 1504 3222; x_wconf 82' lang='lat' dir='ltr'><strong>exeunte</strong></span> <span class='ocrx_word' id='word_1_282' title='bbox 1528 3156 1583 3222; x_wconf 90' lang='lat' dir='ltr'><strong>uel</strong></span> <span class='ocrx_word' id='word_1_283' title='bbox 1606 3156 1720 3242; x_wconf 88' lang='lat' dir='ltr'><strong>quinto</strong></span> <span class='ocrx_word' id='word_1_284' title='bbox 1742 3155 1877 3220; x_wconf 87' lang='lat' dir='ltr'><strong>ineunte</strong></span> 
     </span>
     <span class='ocr_line' id='line_1_28' title="bbox 265 3259 1877 3352; baseline -0.001 -25"><span class='ocrx_word' id='word_1_285' title='bbox 265 3263 467 3330; x_wconf 87' lang='lat' dir='ltr'><strong>increbuisse</strong></span> <span class='ocrx_word' id='word_1_286' title='bbox 498 3287 619 3330; x_wconf 91' lang='lat' dir='ltr'><strong>morem</strong></span> <span class='ocrx_word' id='word_1_287' title='bbox 647 3264 682 3328; x_wconf 90' lang='lat' dir='ltr'><strong>in</strong></span> <span class='ocrx_word' id='word_1_288' title='bbox 714 3265 779 3330; x_wconf 92' lang='lat' dir='ltr'><strong>loci</strong></span> <span class='ocrx_word' id='word_1_289' title='bbox 808 3264 1047 3352; x_wconf 84' lang='lat' dir='ltr'><strong>significatione</strong></span> <span class='ocrx_word' id='word_1_290' title='bbox 1078 3263 1191 3331; x_wconf 84' lang='lat' dir='ltr'><strong>datiuo</strong></span> <span class='ocrx_word' id='word_1_291' title='bbox 1222 3262 1390 3328; x_wconf 90' lang='lat' dir='ltr'><strong>nominum</strong></span> <span class='ocrx_word' id='word_1_292' title='bbox 1418 3263 1507 3328; x_wconf 86' lang='lat' dir='ltr'><strong>tertii</strong></span> <span class='ocrx_word' id='word_1_293' title='bbox 1536 3259 1678 3348; x_wconf 80' lang='lat' dir='ltr'><strong>ordinis,</strong></span> <span class='ocrx_word' id='word_1_294' title='bbox 1710 3263 1877 3328; x_wconf 89' lang='lat' dir='ltr'><strong>nominum</strong></span> 
     </span>
     <span class='ocr_line' id='line_1_29' title="bbox 265 3368 1877 3458; baseline 0.001 -23"><span class='ocrx_word' id='word_1_295' title='bbox 265 3379 376 3436; x_wconf 86' lang='lat' dir='ltr'><strong>autem</strong></span> <span class='ocrx_word' id='word_1_296' title='bbox 398 3371 454 3455; x_wconf 90' lang='lat' dir='ltr'><strong>qui</strong></span> <span class='ocrx_word' id='word_1_297' title='bbox 479 3395 496 3436; x_wconf 94' lang='lat' dir='ltr'><strong>e</strong></span> <span class='ocrx_word' id='word_1_298' title='bbox 520 3371 625 3458; x_wconf 90' lang='lat' dir='ltr'><strong>primo</strong></span> <span class='ocrx_word' id='word_1_299' title='bbox 650 3381 683 3436; x_wconf 87' lang='lat' dir='ltr'><strong>et</strong></span> <span class='ocrx_word' id='word_1_300' title='bbox 711 3371 857 3437; x_wconf 87' lang='lat' dir='ltr'><strong>secundo</strong></span> <span class='ocrx_word' id='word_1_301' title='bbox 882 3371 995 3438; x_wconf 89' lang='lat' dir='ltr'><strong>ordine</strong></span> <span class='ocrx_word' id='word_1_302' title='bbox 1020 3370 1158 3436; x_wconf 85' lang='lat' dir='ltr'><strong>ueniunt</strong></span> <span class='ocrx_word' id='word_1_303' title='bbox 1181 3369 1325 3436; x_wconf 87' lang='lat' dir='ltr'><strong>ablatiuo</strong></span> <span class='ocrx_word' id='word_1_304' title='bbox 1350 3369 1465 3436; x_wconf 87' lang='lat' dir='ltr'><strong>utendi</strong></span> <span class='ocrx_word' id='word_1_305' title='bbox 1494 3379 1610 3436; x_wconf 89' lang='lat' dir='ltr'><strong>auctor</strong></span> <span class='ocrx_word' id='word_1_306' title='bbox 1634 3379 1684 3436; x_wconf 89' lang='lat' dir='ltr'><strong>est</strong></span> <span class='ocrx_word' id='word_1_307' title='bbox 1708 3368 1877 3436; x_wconf 84' lang='lat' dir='ltr'><strong>Charisius</strong></span> 
     </span>
    </p>

    <p class='ocr_par' dir='ltr' id='par_1_6' title="bbox 180 3477 1877 3782">
     <span class='ocr_line' id='line_1_30' title="bbox 180 3477 1875 3567; baseline 0.001 -25"><span class='ocrx_word' id='word_1_308' title='bbox 180 3563 182 3567; x_wconf 19' lang='grc' dir='ltr'>ι</span> <span class='ocrx_word' id='word_1_309' title='bbox 264 3479 298 3542; x_wconf 90' lang='lat' dir='ltr'><strong>in</strong></span> <span class='ocrx_word' id='word_1_310' title='bbox 321 3477 404 3542; x_wconf 87' lang='lat' dir='ltr'><strong>Inst.</strong></span> <span class='ocrx_word' id='word_1_311' title='bbox 428 3501 562 3564; x_wconf 84' lang='lat' dir='ltr'><strong>gramm.</strong></span> <span class='ocrx_word' id='word_1_312' title='bbox 592 3503 625 3564; x_wconf 90' lang='lat' dir='ltr'><strong>p.</strong></span> <span class='ocrx_word' id='word_1_313' title='bbox 652 3479 714 3544; x_wconf 74' lang='lat'><strong>188</strong></span> <span class='ocrx_word' id='word_1_314' title='bbox 738 3477 782 3544; x_wconf 90' lang='grc' dir='ltr'><strong>Κ.</strong></span> <span class='ocrx_word' id='word_1_315' title='bbox 806 3479 853 3544; x_wconf 85' lang='lat' dir='ltr'><strong>ita</strong></span> <span class='ocrx_word' id='word_1_316' title='bbox 880 3479 1013 3564; x_wconf 90' lang='lat' dir='ltr'><strong>quidem</strong></span> <span class='ocrx_word' id='word_1_317' title='bbox 1041 3488 1079 3545; x_wconf 83' lang='lat' dir='ltr'><strong>ut</strong></span> <span class='ocrx_word' id='word_1_318' title='bbox 1109 3478 1274 3546; x_wconf 86' lang='lat' dir='ltr'><strong>diceretur</strong></span> <span class='ocrx_word' id='word_1_319' title='bbox 1303 3477 1511 3567; x_wconf 62' lang='lat' dir='ltr'><strong>‘Carthagini</strong></span> <span class='ocrx_word' id='word_1_320' title='bbox 1541 3501 1629 3564; x_wconf 78' lang='lat' dir='ltr'><strong>sum,</strong></span> <span class='ocrx_word' id='word_1_321' title='bbox 1659 3501 1730 3544; x_wconf 88' lang='lat' dir='ltr'><strong>sum</strong></span> <span class='ocrx_word' id='word_1_322' title='bbox 1759 3478 1875 3562; x_wconf 82' lang='lat' dir='ltr'><strong>Roma,</strong></span> 
     </span>
     <span class='ocr_line' id='line_1_31' title="bbox 265 3579 1877 3686; baseline 0.001 -36"><span class='ocrx_word' id='word_1_323' title='bbox 265 3579 337 3652; x_wconf 76' lang='lat' dir='ltr'><strong>sum&#39;</strong></span> <span class='ocrx_word' id='word_1_324' title='bbox 359 3583 507 3672; x_wconf 86' lang='lat' dir='ltr'><strong>Beryt0.’</strong></span> <span class='ocrx_word' id='word_1_325' title='bbox 561 3584 811 3686; x_wconf 76' lang='lat' dir='ltr'><strong>Praepositione</strong></span> <span class='ocrx_word' id='word_1_326' title='bbox 838 3585 941 3673; x_wconf 74' lang='lat' dir='ltr'><strong>‘pro’</strong></span> <span class='ocrx_word' id='word_1_327' title='bbox 965 3611 1044 3654; x_wconf 87' lang='lat' dir='ltr'><strong>usus</strong></span> <span class='ocrx_word' id='word_1_328' title='bbox 1070 3597 1120 3655; x_wconf 89' lang='lat' dir='ltr'><strong>est</strong></span> <span class='ocrx_word' id='word_1_329' title='bbox 1144 3587 1344 3654; x_wconf 61' lang='lat' dir='ltr'><strong>{scholiastes</strong></span> <span class='ocrx_word' id='word_1_330' title='bbox 1365 3586 1408 3652; x_wconf 88' lang='lat' dir='ltr'><strong>ad</strong></span> <span class='ocrx_word' id='word_1_331' title='bbox 1432 3607 1458 3653; x_wconf 83' lang='lat' dir='ltr'>x</span> <span class='ocrx_word' id='word_1_332' title='bbox 1483 3589 1545 3655; x_wconf 85' lang='grc'><strong>187</strong></span> <span class='ocrx_word' id='word_1_333' title='bbox 1571 3601 1641 3677; x_wconf 83' lang='lat' dir='ltr'><strong>qua¹</strong></span> <span class='ocrx_word' id='word_1_334' title='bbox 1663 3586 1796 3652; x_wconf 89' lang='lat' dir='ltr'><strong>modum</strong></span> <span class='ocrx_word' id='word_1_335' title='bbox 1819 3587 1877 3651; x_wconf 86' lang='lat' dir='ltr'><strong>ali-</strong></span> 
     </span>
     <span class='ocr_line' id='line_1_32' title="bbox 266 3693 1877 3782; baseline 0.001 -23"><span class='ocrx_word' id='word_1_336' title='bbox 266 3694 358 3759; x_wconf 90' lang='lat' dir='ltr'><strong>cuius</strong></span> <span class='ocrx_word' id='word_1_337' title='bbox 381 3695 429 3759; x_wconf 89' lang='lat' dir='ltr'><strong>rei</strong></span> <span class='ocrx_word' id='word_1_338' title='bbox 454 3717 492 3758; x_wconf 88' lang='lat' dir='ltr'><strong>ac</strong></span> <span class='ocrx_word' id='word_1_339' title='bbox 508 3693 668 3760; x_wconf 88' lang='lat' dir='ltr'><strong>rationem</strong></span> <span class='ocrx_word' id='word_1_340' title='bbox 684 3693 892 3781; x_wconf 87' lang='lat' dir='ltr'><strong>significaret.</strong></span> <span class='ocrx_word' id='word_1_341' title='bbox 932 3695 1045 3781; x_wconf 88' lang='lat' dir='ltr'><strong>Atque</strong></span> <span class='ocrx_word' id='word_1_342' title='bbox 1071 3719 1145 3762; x_wconf 91' lang='lat' dir='ltr'><strong>cum</strong></span> <span class='ocrx_word' id='word_1_343' title='bbox 1169 3695 1239 3782; x_wconf 74' lang='lat' dir='ltr'><strong>‘par</strong></span> <span class='ocrx_word' id='word_1_344' title='bbox 1255 3693 1403 3761; x_wconf 85' lang='lat' dir='ltr'><strong>aro-ram’</strong></span> <span class='ocrx_word' id='word_1_345' title='bbox 1427 3703 1505 3782; x_wconf 85' lang='lat' dir='ltr'><strong>post</strong></span> <span class='ocrx_word' id='word_1_346' title='bbox 1529 3693 1723 3762; x_wconf 87' lang='lat' dir='ltr'><strong>Ciceronem</strong></span> <span class='ocrx_word' id='word_1_347' title='bbox 1745 3695 1877 3781; x_wconf 89' lang='lat' dir='ltr'><strong>plurimi</strong></span> 
     </span>
    </p>

    <p class='ocr_par' dir='ltr' id='par_1_7' title="bbox 238 3801 1876 3896">
     <span class='ocr_line' id='line_1_33' title="bbox 238 3801 1876 3896; baseline 0.003 -30"><span class='ocrx_word' id='word_1_348' title='bbox 238 3801 422 3886; x_wconf 56' lang='lat' dir='ltr'><strong>(dixerint,</strong></span> <span class='ocrx_word' id='word_1_349' title='bbox 451 3825 549 3868; x_wconf 89' lang='lat' dir='ltr'><strong>ueror</strong></span> <span class='ocrx_word' id='word_1_350' title='bbox 577 3825 618 3868; x_wconf 88' lang='lat' dir='ltr'><strong>ne</strong></span> <span class='ocrx_word' id='word_1_351' title='bbox 650 3801 766 3868; x_wconf 88' lang='lat' dir='ltr'><strong>eadem</strong></span> <span class='ocrx_word' id='word_1_352' title='bbox 789 3802 822 3867; x_wconf 95' lang='lat' dir='ltr'><strong>ui</strong></span> <span class='ocrx_word' id='word_1_353' title='bbox 852 3801 940 3889; x_wconf 77' lang='lat' dir='ltr'><strong>‘pro</strong></span> <span class='ocrx_word' id='word_1_354' title='bbox 965 3802 1121 3896; x_wconf 74' lang='lat' dir='ltr'><strong>errorp’</strong></span> <span class='ocrx_word' id='word_1_355' title='bbox 1147 3828 1167 3868; x_wconf 89' lang='lat' dir='ltr'><strong>a</strong></span> <span class='ocrx_word' id='word_1_356' title='bbox 1193 3804 1284 3869; x_wconf 93' lang='lat' dir='ltr'><strong>nullo</strong></span> <span class='ocrx_word' id='word_1_357' title='bbox 1315 3804 1474 3891; x_wconf 89' lang='lat' dir='ltr'><strong>scriptore</strong></span> <span class='ocrx_word' id='word_1_358' title='bbox 1507 3813 1582 3869; x_wconf 87' lang='lat' dir='ltr'><strong>ante</strong></span> <span class='ocrx_word' id='word_1_359' title='bbox 1607 3811 1759 3889; x_wconf 87' lang='lat' dir='ltr'><strong>quartum</strong></span> <span class='ocrx_word' id='word_1_360' title='bbox 1783 3803 1876 3888; x_wconf 89' lang='lat' dir='ltr'><strong>quin-</strong></span> 
     </span>
    </p>

    <p class='ocr_par' dir='ltr' id='par_1_8' title="bbox 263 3895 1876 3996">
     <span class='ocr_line' id='line_1_34' title="bbox 263 3895 1876 3996; baseline 0.001 -21"><span class='ocrx_word' id='word_1_361' title='bbox 263 3907 568 3976; x_wconf 62' lang='lat' dir='ltr'><strong>tumue&#39;saeculum</strong></span> <span class='ocrx_word' id='word_1_362' title='bbox 595 3909 637 3975; x_wconf 88' lang='lat' dir='ltr'><strong>sit</strong></span> <span class='ocrx_word' id='word_1_363' title='bbox 665 3911 837 3996; x_wconf 89' lang='lat' dir='ltr'><strong>prolatum.</strong></span> <span class='ocrx_word' id='word_1_364' title='bbox 891 3910 1020 3978; x_wconf 84' lang='lat' dir='ltr'><strong>Locum</strong></span> <span class='ocrx_word' id='word_1_365' title='bbox 1048 3912 1142 3978; x_wconf 89' lang='lat' dir='ltr'><strong>cuius</strong></span> <span class='ocrx_word' id='word_1_366' title='bbox 1166 3895 1364 3978; x_wconf 61' lang='lat' dir='ltr'><strong>&#39;testimonio</strong></span> <span class='ocrx_word' id='word_1_367' title='bbox 1393 3913 1486 3977; x_wconf 93' lang='lat' dir='ltr'><strong>illum</strong></span> <span class='ocrx_word' id='word_1_368' title='bbox 1519 3933 1615 3976; x_wconf 90' lang='lat' dir='ltr'><strong>usum</strong></span> <span class='ocrx_word' id='word_1_369' title='bbox 1643 3912 1786 3977; x_wconf 89' lang='lat' dir='ltr'><strong>muniam</strong></span> <span class='ocrx_word' id='word_1_370' title='bbox 1810 3935 1876 3976; x_wconf 89' lang='lat' dir='ltr'><strong>non</strong></span> 
     </span>
    </p>

    <p class='ocr_par' dir='ltr' id='par_1_9' title="bbox 264 4016 1874 4108">
     <span class='ocr_line' id='line_1_35' title="bbox 264 4016 1874 4108; baseline 0.001 -26"><span class='ocrx_word' id='word_1_371' title='bbox 264 4017 370 4084; x_wconf 87' lang='lat' dir='ltr'><strong>habeo</strong></span> <span class='ocrx_word' id='word_1_372' title='bbox 394 4027 525 4103; x_wconf 86' lang='lat' dir='ltr'><strong>praeter</strong></span> <span class='ocrx_word' id='word_1_373' title='bbox 546 4018 649 4106; x_wconf 84' lang='lat' dir='ltr'><strong>Legis</strong></span> <span class='ocrx_word' id='word_1_374' title='bbox 674 4016 802 4085; x_wconf 87' lang='lat' dir='ltr'><strong>Salicae</strong></span> <span class='ocrx_word' id='word_1_375' title='bbox 826 4019 875 4084; x_wconf 87' lang='lat' dir='ltr'><strong>tit.</strong></span> <span class='ocrx_word' id='word_1_376' title='bbox 901 4020 944 4084; x_wconf 78' lang='grc'><strong>24</strong></span> <span class='ocrx_word' id='word_1_377' title='bbox 968 4021 996 4105; x_wconf 68' lang='grc' dir='ltr'><strong>ξ.</strong></span> <span class='ocrx_word' id='word_1_378' title='bbox 1014 4021 1068 4105; x_wconf 85' lang='grc'><strong>24,</strong></span> <span class='ocrx_word' id='word_1_379' title='bbox 1093 4020 1149 4087; x_wconf 94' lang='lat' dir='ltr'><strong>ubi</strong></span> <span class='ocrx_word' id='word_1_380' title='bbox 1173 4031 1224 4086; x_wconf 86' lang='lat' dir='ltr'><strong>est</strong></span> <span class='ocrx_word' id='word_1_381' title='bbox 1248 4019 1301 4086; x_wconf 81' lang='lat' dir='ltr'><strong>‘Si</strong></span> <span class='ocrx_word' id='word_1_382' title='bbox 1323 4025 1394 4108; x_wconf 85' lang='lat' dir='ltr'><strong>qais</strong></span> <span class='ocrx_word' id='word_1_383' title='bbox 1419 4043 1524 4086; x_wconf 79' lang='lat' dir='ltr'><strong>assam</strong></span> <span class='ocrx_word' id='word_1_384' title='bbox 1546 4021 1690 4084; x_wconf 79' lang='lat' dir='ltr'><strong>deintra</strong></span> <span class='ocrx_word' id='word_1_385' title='bbox 1716 4021 1802 4084; x_wconf 85' lang='lat' dir='ltr'><strong>olnae</strong></span> <span class='ocrx_word' id='word_1_386' title='bbox 1825 4042 1874 4084; x_wconf 83' lang='lat' dir='ltr'><strong>re·</strong></span> 
     </span>
    </p>

    <p class='ocr_par' dir='ltr' id='par_1_10' title="bbox 258 4125 1873 4215">
     <span class='ocr_line' id='line_1_36' title="bbox 258 4125 1873 4215; baseline 0.002 -25"><span class='ocrx_word' id='word_1_387' title='bbox 258 4129 401 4212; x_wconf 82' lang='lat' dir='ltr'><strong>positam</strong></span> <span class='ocrx_word' id='word_1_388' title='bbox 425 4137 454 4190; x_wconf 83' lang='lat' dir='ltr'><strong>et</strong></span> <span class='ocrx_word' id='word_1_389' title='bbox 475 4129 510 4190; x_wconf 88' lang='lat' dir='ltr'><strong>in</strong></span> <span class='ocrx_word' id='word_1_390' title='bbox 532 4149 676 4212; x_wconf 82' lang='lat' dir='ltr'><strong>suspenso</strong></span> <span class='ocrx_word' id='word_1_391' title='bbox 695 4151 759 4212; x_wconf 85' lang='lat' dir='ltr'><strong>pro</strong></span> <span class='ocrx_word' id='word_1_392' title='bbox 783 4127 885 4192; x_wconf 83' lang='lat' dir='ltr'><strong>stadio</strong></span> <span class='ocrx_word' id='word_1_393' title='bbox 910 4127 943 4212; x_wconf 84' lang='lat' dir='ltr'><strong>(i.</strong></span> <span class='ocrx_word' id='word_1_394' title='bbox 969 4150 996 4194; x_wconf 88' lang='lat' dir='ltr'><strong>e.</strong></span> <span class='ocrx_word' id='word_1_395' title='bbox 1021 4128 1181 4211; x_wconf 81' lang='lat' dir='ltr'><strong>consulte,</strong></span> <span class='ocrx_word' id='word_1_396' title='bbox 1207 4128 1248 4193; x_wconf 89' lang='lat' dir='ltr'><strong>de</strong></span> <span class='ocrx_word' id='word_1_397' title='bbox 1272 4127 1445 4212; x_wconf 83' lang='lat' dir='ltr'><strong>industria)</strong></span> <span class='ocrx_word' id='word_1_398' title='bbox 1462 4131 1605 4215; x_wconf 82' lang='lat' dir='ltr'><strong>positam</strong></span> <span class='ocrx_word' id='word_1_399' title='bbox 1619 4125 1797 4215; x_wconf 79' lang='lat' dir='ltr'><strong>faranarit’</strong></span> <span class='ocrx_word' id='word_1_400' title='bbox 1811 4135 1873 4194; x_wconf 88' lang='lat' dir='ltr'><strong>etc.</strong></span> 
     </span>
    </p>

    <p class='ocr_par' dir='ltr' id='par_1_11' title="bbox 201 4232 1876 4323">
     <span class='ocr_line' id='line_1_37' title="bbox 201 4232 1876 4323; baseline 0 -25"><span class='ocrx_word' id='word_1_401' title='bbox 201 4301 205 4310; x_wconf 59' lang='grc'><strong>,</strong></span> <span class='ocrx_word' id='word_1_402' title='bbox 265 4233 332 4317; x_wconf 78' lang='lat' dir='ltr'><strong>Qui</strong></span> <span class='ocrx_word' id='word_1_403' title='bbox 354 4233 460 4318; x_wconf 85' lang='lat' dir='ltr'><strong>locus,</strong></span> <span class='ocrx_word' id='word_1_404' title='bbox 485 4232 562 4304; x_wconf 83' lang='lat' dir='ltr'><strong>cum</strong></span> <span class='ocrx_word' id='word_1_405' title='bbox 583 4235 716 4300; x_wconf 90' lang='lat' dir='ltr'><strong>saeculo</strong></span> <span class='ocrx_word' id='word_1_406' title='bbox 740 4235 853 4319; x_wconf 88' lang='lat' dir='ltr'><strong>quinto</strong></span> <span class='ocrx_word' id='word_1_407' title='bbox 872 4245 1011 4300; x_wconf 86' lang='lat' dir='ltr'><strong>exeunte</strong></span> <span class='ocrx_word' id='word_1_408' title='bbox 1027 4260 1074 4312; x_wconf 86' lang='lat' dir='ltr'><strong>¹ea</strong></span> <span class='ocrx_word' id='word_1_409' title='bbox 1096 4237 1150 4302; x_wconf 86' lang='lat' dir='ltr'><strong>lex</strong></span> <span class='ocrx_word' id='word_1_410' title='bbox 1172 4235 1291 4302; x_wconf 84' lang='lat' dir='ltr'><strong>litteris</strong></span> <span class='ocrx_word' id='word_1_411' title='bbox 1310 4237 1465 4302; x_wconf 83' lang='lat' dir='ltr'><strong>mandata</strong></span> <span class='ocrx_word' id='word_1_412' title='bbox 1488 4236 1541 4320; x_wconf 73' lang='lat' dir='ltr'><strong>sit,</strong></span> <span class='ocrx_word' id='word_1_413' title='bbox 1566 4235 1699 4323; x_wconf 82' lang='lat' dir='ltr'><strong>egregie</strong></span> <span class='ocrx_word' id='word_1_414' title='bbox 1724 4233 1876 4320; x_wconf 85' lang='lat' dir='ltr'><strong>congruit</strong></span> 
     </span>
    </p>

    <p class='ocr_par' dir='ltr' id='par_1_12' title="bbox 263 4333 1875 4536">
     <span class='ocr_line' id='line_1_38' title="bbox 263 4333 1875 4429; baseline 0.001 -25"><span class='ocrx_word' id='word_1_415' title='bbox 263 4339 310 4404; x_wconf 88' lang='lat' dir='ltr'><strong>illi</strong></span> <span class='ocrx_word' id='word_1_416' title='bbox 332 4333 473 4427; x_wconf 89' lang='lat' dir='ltr'><strong>tempori</strong></span> <span class='ocrx_word' id='word_1_417' title='bbox 497 4363 562 4426; x_wconf 92' lang='lat' dir='ltr'><strong>quo</strong></span> <span class='ocrx_word' id='word_1_418' title='bbox 586 4349 658 4407; x_wconf 88' lang='lat' dir='ltr'><strong>orta</strong></span> <span class='ocrx_word' id='word_1_419' title='bbox 682 4365 753 4409; x_wconf 89' lang='lat' dir='ltr'><strong>esse</strong></span> <span class='ocrx_word' id='word_1_420' title='bbox 777 4342 902 4408; x_wconf 88' lang='lat' dir='ltr'><strong>scholia</strong></span> <span class='ocrx_word' id='word_1_421' title='bbox 925 4352 1039 4408; x_wconf 84' lang='lat' dir='ltr'><strong>nostra</strong></span> <span class='ocrx_word' id='word_1_422' title='bbox 1061 4343 1126 4409; x_wconf 88' lang='lat' dir='ltr'><strong>iam</strong></span> <span class='ocrx_word' id='word_1_423' title='bbox 1149 4345 1184 4409; x_wconf 92' lang='lat' dir='ltr'><strong>in</strong></span> <span class='ocrx_word' id='word_1_424' title='bbox 1206 4344 1246 4408; x_wconf 90' lang='lat' dir='ltr'><strong>iis</strong></span> <span class='ocrx_word' id='word_1_425' title='bbox 1270 4344 1368 4410; x_wconf 88' lang='lat' dir='ltr'><strong>rebus</strong></span> <span class='ocrx_word' id='word_1_426' title='bbox 1385 4344 1427 4409; x_wconf 84' lang='lat' dir='ltr'><strong>de</strong></span> <span class='ocrx_word' id='word_1_427' title='bbox 1451 4342 1570 4428; x_wconf 89' lang='lat' dir='ltr'><strong>quibus</strong></span> <span class='ocrx_word' id='word_1_428' title='bbox 1595 4342 1703 4408; x_wconf 89' lang='lat' dir='ltr'><strong>adhuc</strong></span> <span class='ocrx_word' id='word_1_429' title='bbox 1728 4341 1875 4429; x_wconf 88' lang='lat' dir='ltr'><strong>disputa-</strong></span> 
     </span>
     <span class='ocr_line' id='line_1_39' title="bbox 263 4449 1708 4536; baseline 0.003 -22"><span class='ocrx_word' id='word_1_430' title='bbox 263 4449 370 4514; x_wconf 91' lang='lat' dir='ltr'><strong>uimus</strong></span> <span class='ocrx_word' id='word_1_431' title='bbox 394 4449 537 4536; x_wconf 87' lang='lat' dir='ltr'><strong>suspicio</strong></span> <span class='ocrx_word' id='word_1_432' title='bbox 562 4450 704 4516; x_wconf 84' lang='lat' dir='ltr'><strong>subnata</strong></span> <span class='ocrx_word' id='word_1_433' title='bbox 726 4459 785 4517; x_wconf 88' lang='lat' dir='ltr'><strong>est.</strong></span> <span class='ocrx_word' id='word_1_434' title='bbox 832 4451 909 4516; x_wconf 87' lang='lat' dir='ltr'><strong>Alia</strong></span> <span class='ocrx_word' id='word_1_435' title='bbox 932 4451 1027 4517; x_wconf 88' lang='lat' dir='ltr'><strong>addo.</strong></span> <span class='ocrx_word' id='word_1_436' title='bbox 1578 4523 1583 4530; x_wconf 63' lang='grc'>,</span> <span class='ocrx_word' id='word_1_437' title='bbox 1706 4521 1708 4526; x_wconf 78' lang='grc'>,</span> 
     </span>
    </p>

    <p class='ocr_par' dir='ltr' id='par_1_13' title="bbox 265 4555 1874 4754">
     <span class='ocr_line' id='line_1_40' title="bbox 399 4555 1873 4644; baseline -0.001 -23"><span class='ocrx_word' id='word_1_438' title='bbox 399 4555 583 4622; x_wconf 70' lang='lat' dir='ltr'><strong>‘Manere</strong></span> <span class='ocrx_word' id='word_1_439' title='bbox 615 4558 701 4624; x_wconf 89' lang='lat' dir='ltr'><strong>enim</strong></span> <span class='ocrx_word' id='word_1_440' title='bbox 730 4581 821 4630; x_wconf 57' lang='lat' dir='ltr'><strong>cum.</strong></span> <span class='ocrx_word' id='word_1_441' title='bbox 843 4557 1007 4644; x_wconf 63' lang='lat' dir='ltr'><strong>aliquid,</strong></span> <span class='ocrx_word' id='word_1_442' title='bbox 1038 4557 1127 4643; x_wconf 91' lang='lat' dir='ltr'><strong>quod</strong></span> <span class='ocrx_word' id='word_1_443' title='bbox 1157 4558 1192 4624; x_wconf 90' lang='lat' dir='ltr'><strong>in</strong></span> <span class='ocrx_word' id='word_1_444' title='bbox 1221 4558 1346 4625; x_wconf 87' lang='lat' dir='ltr'><strong>scholio</strong></span> <span class='ocrx_word' id='word_1_445' title='bbox 1377 4558 1420 4623; x_wconf 87' lang='lat' dir='ltr'><strong>ad</strong></span> <span class='ocrx_word' id='word_1_446' title='bbox 1450 4578 1464 4622; x_wconf 90' lang='lat'>1</span> <span class='ocrx_word' id='word_1_447' title='bbox 1498 4558 1566 4638; x_wconf 78' lang='lat'><strong>544</strong></span> <span class='ocrx_word' id='word_1_448' title='bbox 1592 4557 1729 4644; x_wconf 83' lang='lat' dir='ltr'><strong>legitur,</strong></span> <span class='ocrx_word' id='word_1_449' title='bbox 1771 4556 1873 4644; x_wconf 84' lang='lat' dir='ltr'><strong>uulgo</strong></span> 
     </span>
     <span class='ocr_line' id='line_1_41' title="bbox 265 4661 1874 4754; baseline 0 -26"><span class='ocrx_word' id='word_1_450' title='bbox 265 4661 329 4730; x_wconf 88' lang='lat' dir='ltr'><strong>dici</strong></span> <span class='ocrx_word' id='word_1_451' title='bbox 357 4687 416 4730; x_wconf 88' lang='lat' dir='ltr'><strong>sua</strong></span> <span class='ocrx_word' id='word_1_452' title='bbox 445 4673 552 4730; x_wconf 84' lang='lat' dir='ltr'><strong>aetate</strong></span> <span class='ocrx_word' id='word_1_453' title='bbox 582 4665 732 4731; x_wconf 84' lang='lat' dir='ltr'><strong>Donatus</strong></span> <span class='ocrx_word' id='word_1_454' title='bbox 762 4665 805 4730; x_wconf 86' lang='lat' dir='ltr'><strong>ad</strong></span> <span class='ocrx_word' id='word_1_455' title='bbox 828 4665 902 4732; x_wconf 83' lang='lat' dir='ltr'><strong>Ter.</strong></span> <span class='ocrx_word' id='word_1_456' title='bbox 929 4667 1033 4731; x_wconf 86' lang='lat' dir='ltr'><strong>Andr.</strong></span> <span class='ocrx_word' id='word_1_457' title='bbox 1069 4684 1096 4730; x_wconf 90' lang='lat'><strong>11</strong></span> <span class='ocrx_word' id='word_1_458' title='bbox 1130 4667 1150 4731; x_wconf 84' lang='lat'>5</span> <span class='ocrx_word' id='word_1_459' title='bbox 1180 4675 1261 4732; x_wconf 89' lang='lat' dir='ltr'><strong>extr.</strong></span> <span class='ocrx_word' id='word_1_460' title='bbox 1294 4665 1459 4754; x_wconf 86' lang='lat' dir='ltr'><strong>expressis</strong></span> <span class='ocrx_word' id='word_1_461' title='bbox 1489 4665 1599 4730; x_wconf 87' lang='lat' dir='ltr'><strong>uerbis</strong></span> <span class='ocrx_word' id='word_1_462' title='bbox 1630 4664 1737 4746; x_wconf 76' lang='lat' dir='ltr'><strong>docet²</strong></span> <span class='ocrx_word' id='word_1_463' title='bbox 1784 4663 1874 4729; x_wconf 68' lang='lat' dir='ltr'><strong>‘Vi-</strong></span> 
     </span>
    </p>
   </div>
   <div class='ocr_carea' id='block_1_4' title="bbox 263 4761 1873 4932">
    <p class='ocr_par' dir='ltr' id='par_1_14' title="bbox 263 4761 1873 4932">
     <span class='ocr_line' id='line_1_42' title="bbox 263 4761 1873 4862; baseline -0.001 -26"><span class='ocrx_word' id='word_1_464' title='bbox 263 4769 392 4858; x_wconf 84' lang='lat' dir='ltr'><strong>tiare’‚</strong></span> <span class='ocrx_word' id='word_1_465' title='bbox 427 4772 516 4858; x_wconf 92' lang='lat' dir='ltr'><strong>quod</strong></span> <span class='ocrx_word' id='word_1_466' title='bbox 544 4773 578 4838; x_wconf 92' lang='lat' dir='ltr'><strong>in</strong></span> <span class='ocrx_word' id='word_1_467' title='bbox 608 4773 731 4840; x_wconf 92' lang='lat' dir='ltr'><strong>scholio</strong></span> <span class='ocrx_word' id='word_1_468' title='bbox 762 4773 804 4840; x_wconf 89' lang='lat' dir='ltr'><strong>ad</strong></span> <span class='ocrx_word' id='word_1_469' title='bbox 827 4793 864 4842; x_wconf 79' lang='lat' dir='ltr'><strong>vr</strong></span> <span class='ocrx_word' id='word_1_470' title='bbox 887 4775 952 4840; x_wconf 81' lang='lat'><strong>365</strong></span> <span class='ocrx_word' id='word_1_471' title='bbox 975 4773 1112 4862; x_wconf 84' lang='lat' dir='ltr'><strong>legitur,</strong></span> <span class='ocrx_word' id='word_1_472' title='bbox 1143 4775 1222 4840; x_wconf 86' lang='lat' dir='ltr'><strong>item</strong></span> <span class='ocrx_word' id='word_1_473' title='bbox 1246 4797 1319 4841; x_wconf 85' lang='lat' dir='ltr'><strong>esse</strong></span> <span class='ocrx_word' id='word_1_474' title='bbox 1342 4773 1451 4862; x_wconf 91' lang='lat' dir='ltr'><strong>plebei</strong></span> <span class='ocrx_word' id='word_1_475' title='bbox 1477 4769 1639 4840; x_wconf 86' lang='lat' dir='ltr'><strong>¹sermonis</strong></span> <span class='ocrx_word' id='word_1_476' title='bbox 1663 4761 1793 4839; x_wconf 81' lang='lat' dir='ltr'><strong>fabulae</strong></span> <span class='ocrx_word' id='word_1_477' title='bbox 1819 4795 1873 4836; x_wconf 89' lang='lat' dir='ltr'><strong>co-</strong></span> 
     </span>
     <span class='ocr_line' id='line_1_43' title="bbox 1583 4880 1659 4932; baseline 0 0"><span class='ocrx_word' id='word_1_478' title='bbox 1583 4914 1587 4918; x_wconf 89' lang='lat'>·</span> <span class='ocrx_word' id='word_1_479' title='bbox 1642 4880 1659 4932; x_wconf 87' lang='grc'>2</span> 
     </span>
    </p>
   </div>
   <div class='ocr_carea' id='block_1_5' title="bbox 0 0 2056 5732">
    <p class='ocr_par' dir='ltr' id='par_1_15' title="bbox 0 0 2056 5732">
     <span class='ocr_line' id='line_1_44' title="bbox 0 0 2056 5732; baseline 0 1"><span class='ocrx_word' id='word_1_480' title='bbox 0 0 2056 5732; x_wconf 95' lang='lat' dir='ltr'><strong> </strong></span> 
     </span>
    </p>
   </div>
  </div>
 </body>
</html>
