4102 5732
965 409 1184 474 ..17..

268 606 493 674 aberrabimus
516 605 614 692 longe
640 613 821 672 statuentes
853 605 977 683 scholia
999 613 1114 672 nostra
1142 628 1209 669 non
1233 626 1305 670 esse
1329 612 1485 690 excerpta
1512 625 1553 670 ex
1575 603 1615 671 iis
1639 605 1879 672 commentariis

269 739 351 800 quos
374 715 545 782 Vsenerus
568 713 698 780 iamiam
722 712 814 798 edet,
847 714 907 780 sed
932 738 973 780 ex
996 713 1067 780 aliis
1090 712 1287 798 quibusdam
1311 712 1562 778 commentariis.
1609 712 1697 778 Nam
1724 722 1880 798 excerpta

268 845 341 888 esse
373 846 479 908 neque
509 823 550 890 ab
578 822 670 887 initio
702 821 749 887 sic
779 831 816 886 ut
845 845 931 888 nunc
962 820 1125 888 cernimus
1150 819 1290 908 scripta,
1322 841 1397 886 cum
1427 843 1468 886 ex
1495 819 1535 884 iis
1560 819 1771 907 cognoscitur
1795 843 1879 904 quae

268 930 377 997 adhuc
401 930 566 1017 disputata
590 939 667 994 sunt
696 937 765 995 tum
788 930 894 1017 magis
918 928 1135 1015 perspicietur
1159 951 1199 992 ex
1222 927 1261 993 iis
1286 951 1370 1012 quae
1399 935 1588 1013 sequentur.
1636 925 1880 994 Scholasticum

268 1048 378 1105 autem
414 1030 470 1123 iqui
499 1061 538 1103 ea
567 1038 769 1124 excerpserit
798 1037 899 1103 fuisse
930 1036 1061 1102 saeculo
1091 1045 1185 1101 sexto
1226 1058 1299 1100 cum
1330 1035 1439 1120 aliqua
1468 1035 1539 1100 ueri
1569 1033 1779 1101 similitudine
1803 1033 1879 1100 inde

268 1146 379 1233 colligi
407 1145 544 1232 poterit,
576 1145 666 1230 quod
695 1169 762 1210 non
790 1145 825 1209 in
854 1145 987 1210 scholiis
1020 1155 1094 1209 cum
1123 1141 1189 1208 Bc
1213 1152 1246 1208 et
1268 1140 1410 1210 VOSS.
1441 1142 1669 1209 communibus
1700 1142 1760 1208 sed
1782 1143 1817 1208 in
1839 1141 1880 1208 iis

268 1277 352 1340 quae
375 1253 415 1319 M
437 1254 572 1340 propria
586 1253 687 1318 habet
709 1253 809 1318 insint
825 1253 934 1318 omnia
950 1275 1176 1336 quaecumque
1199 1252 1233 1316 in
1253 1252 1429 1318 uerborum
1453 1272 1516 1321 usu
1531 1251 1718 1318 inferiorem
1741 1259 1882 1318 aetatem

268 1361 388 1429 oleant.
424 1361 536 1428 Vnum
560 1361 756 1449 subiungam
777 1361 887 1426 locum
912 1383 977 1444 quo
1001 1360 1094 1444 quasi
1117 1382 1177 1444 per
1199 1368 1412 1425 transennam
1429 1359 1601 1426 ostendam
1624 1359 1748 1426 scholia
1770 1367 1882 1424 nostra
1907 1383 1934 1427 a
1960 1357 1976 1405 ι’

266 1471 351 1536 forte
376 1479 532 1557 excerpta
555 1492 628 1536 esse
654 1493 670 1534 1
696 1469 937 1535 commentariis
954 1468 1066 1552 quales
1082 1469 1269 1534 Beruenses
1286 1467 1419 1534 codices
1435 1468 1496 1534 Nr.
1510 1468 1554 1534 45
1572 1469 1686 1534 11370
1703 1467 1881 1534 continent.

269 1575 399 1660 Quibus
428 1601 470 1643 ex
498 1576 589 1642 libris
614 1577 782 1644 Weberus
811 1575 854 1641 ad
884 1594 937 1641 1111
963 1576 1002 1641 15
1036 1574 1118 1641 haec
1146 1575 1289 1662 profert:
1313 1577 1434 1642 Arcam
1456 1579 1508 1642 hic
1529 1600 1594 1663 pro
1609 1578 1737 1664 fornice
1761 1579 1881 1664 poscit.
1925 1559 1929 1566 ’

270 1685 363 1767 Quod
384 1699 429 1750 ost
451 1687 642 1751 notandam:
671 1710 746 1752 nam
770 1684 877 1750 Cicero
902 1687 950 1748 cc't
978 1682 1206 1770 (Verr.17>.·
1240 1681 1351 1750 ‘Vada
1375 1686 1418 1750 ad
1444 1687 1548 1770 aprum
1567 1685 1731 1772 fornicem
1758 1683 1882 1750 Fabia-

268 1791 365 1858 aara’.
402 1794 523 1859 Arcam
547 1805 652 1858 catam
674 1816 761 1858 cremo
779 1795 892 1878 posuit
913 1794 1188 1884 reclamatorum
1212 1795 1268 1857 cat
1290 1793 1380 1858 Irim.
1416 1791 1458 1856 In
1479 1791 1519 1857 M
1541 1791 1624 1858 haec
1647 1791 1681 1857 in
1704 1799 1882 1878 angustum
1948 1805 1951 1813 '

268 1909 306 1966 ut
340 1898 582 1966 deducerentur
613 1901 676 1966 hoc
700 1899 798 1966 modo
823 1908 900 1966 sunt
924 1889 1131 1966 circumcisa:
1163 1898 1297 1967 ‘Arcam
1319 1902 1370 1966 hic
1385 1923 1450 1986 pro
1465 1903 1594 1988 fornice
1611 1901 1731 1988 posuit.
1760 1902 1882 1967 Arcum

269 2021 373 2074 catam
395 2031 484 2074 acmo
509 2011 620 2094 poscat
647 2011 711 2072 nist
732 2011 921 2094 sagittarum
953 2021 1009 2074 aut
1030 2009 1104 2074 lra'a
1157 2007 1316 2073 Extrema
1343 2009 1446 2074 uerba
1475 2009 1573 2074 huius
1603 2009 1721 2074 scholii
1749 2008 1882 2075 fluxisse

268 2125 350 2204 puto
375 2139 392 2181 e
417 2115 659 2182 commentariis
676 2115 873 2200 quibusdam
896 2117 975 2180 satis
1000 2115 1142 2200 antiquis
1165 2116 1199 2180 in
1216 2114 1385 2182 Ciceronis
1409 2117 1573 2183 orationes
1589 2116 1759 2183 Verrinas.
1794 2117 1882 2182 Nam

268 2223 311 2289 ad
332 2223 441 2310 ipsum
463 2224 573 2290 locum
589 2225 645 2308 qui
667 2224 702 2289 in
718 2224 843 2290 scholio
867 2223 1014 2289 adfertur
1030 2223 1126 2291 Verr.
1150 2244 1164 2288 1
1186 2227 1201 2289 7
1229 2225 1319 2290 Videt
1341 2225 1384 2290 acl
1405 2228 1511 2311 aprum
1524 2227 1684 2310 fornicem
1699 2225 1882 2290 Fabianum

181 2409 182 2412 Ἴ
270 2331 446 2400 scholiasta
469 2331 654 2398 Vossianus
678 2331 822 2410 ineditus
852 2355 951 2416 quem
979 2355 998 2396 a
1027 2354 1063 2397 se
1092 2339 1270 2396 tractatum
1294 2353 1365 2398 esse
1394 2331 1510 2398 scribit
1537 2331 1579 2398 Ε.
1606 2330 1824 2418 Spanhemius
1848 2332 1883 2396 in

269 2439 398 2506 dissert.
425 2440 466 2506 de
490 2464 552 2507 usu
577 2449 610 2506 et
632 2448 754 2526 praest.
778 2463 865 2505 num.
890 2459 942 2504 ΧΗ
965 2463 997 2526 p.
1014 2441 1079 2506 458
1105 2449 1138 2506 et
1159 2459 1225 2504 xm
1248 2463 1280 2525 p.
1298 2441 1362 2506 653
1386 2439 1470 2506 haec
1492 2439 1593 2506 habet
1616 2438 1732 2508 ‘Arcas
1748 2442 1883 2504 latinum

268 2573 331 2614 aaa
354 2547 419 2613 eat’.
466 2549 578 2634 Atque
603 2549 685 2614 haec
710 2548 842 2632 quidem
867 2549 1054 2616 obseruatio
1079 2572 1153 2614 cum
1177 2547 1266 2614 haud
1290 2547 1388 2614 dubie
1414 2547 1583 2614 Ciceronis
1607 2571 1704 2614 usum
1725 2555 1816 2613 recte
1840 2547 1883 2612 si·

269 2656 419 2743 gnificat,
449 2656 514 2722 iam
537 2659 643 2743 primo
672 2666 749 2743 post
773 2655 940 2722 Christum
965 2657 1096 2722 saeculo
1125 2656 1255 2743 prolata
1278 2678 1350 2722 esse
1381 2656 1505 2722 idcirco
1529 2656 1585 2721 uix
1608 2665 1719 2742 potest
1742 2655 1819 2740 quia
1842 2654 1882 2720 ab

270 2787 308 2829 eo
332 2763 406 2830 inde
430 2773 578 2851 ternpore
601 2764 732 2851 plurimi
756 2765 934 2851 scriptores
959 2789 1067 2832 arctum
1089 2788 1149 2851 pro
1164 2766 1292 2850 fornice
1316 2763 1486 2851 dixerunt,
1516 2763 1605 2850 quod
1630 2763 1746 2831 Seueri
1775 2771 1883 2830 aetate

270 2872 367 2937 etiam
391 2872 425 2936 in
448 2874 555 2939 numis
579 2875 704 2938 factum
726 2872 886 2940 uidemus.
1747 2855 1750 2860 ι

402 2979 497 3045 Haec
521 2990 697 3068 postquam
723 2980 888 3067 disputata
912 2991 1000 3066 sunt,
1024 2979 1237 3046 additamenti
1266 2979 1369 3044 instar
1393 2979 1568 3045 nonnullos
1591 2979 1683 3045 locos
1707 2979 1882 3066 proferam,

270 3109 353 3172 quos
377 3096 513 3174 propter
535 3109 589 3152 res
613 3110 698 3172 quae
722 3087 755 3152 in
779 3088 818 3154 iis
834 3097 1015 3176 tanguntur
1039 3088 1253 3154 commentari
1274 3087 1362 3153 haud
1386 3112 1406 3153 a
1428 3111 1464 3152 re
1488 3085 1641 3152 uideatur
1664 3106 1747 3152 esse.
1789 3083 1882 3168 Quae

269 3197 303 3260 in
327 3195 529 3283 explicandis
553 3195 740 3282 supparis
764 3199 874 3263 11364
899 3197 1053 3262 dicuntur
1078 3195 1232 3284 ‘suppara
1254 3200 1350 3262 acetis
1374 3219 1453 3282 qaae
1476 3193 1726 3282 supcriadattar’
1752 3193 1882 3260 minime

271 3311 459 3390 congruunt
493 3327 568 3369 cum
603 3303 721 3369 ceteris
757 3304 890 3370 scholiis
927 3305 1117 3382 aWebero
1142 3305 1306 3387 collectis,
1344 3302 1504 3388 equibus
1528 3301 1595 3368 BC
1621 3312 1654 3368 et
1677 3300 1814 3370 VOSS.
1839 3301 1884 3366 II

268 3411 404 3478 Festum
421 3419 666 3498 excerpserunt,
692 3411 799 3495 quire
823 3411 906 3477 male
930 3412 1098 3478 intellecta
1114 3435 1293 3498 supparum
1310 3435 1385 3478 oum
1402 3411 1564 3478 subucula
1587 3409 1750 3476 confudit:
1775 3432 1882 3494 neque
1986 3495 1988 3498 Ι

268 3519 370 3585 Nonii
393 3538 453 3586 XIV
478 3521 521 3586 20
545 3519 796 3606 explicationem
820 3520 912 3586 uocis
936 3512 1191 3608 amplectuntur,
1217 3521 1274 3606 qui
1293 3518 1369 3584 inde
1393 3527 1489 3606 putat
1505 3518 1629 3584 dictum
1652 3517 1741 3603 quod
1766 3515 1883 3584 subtus
1944 3551 1949 3562 ·

269 3639 445 3716 appareatr
470 3627 531 3694 sed
554 3638 712 3694 secuntur
734 3627 919 3694 Varronem
941 3629 981 3696 L.
999 3629 1039 3694 L.
1056 3651 1079 3696 v
1098 3630 1158 3694 131
1184 3629 1241 3712 qui
1264 3628 1355 3694 solus
1379 3635 1536 3712 quantum
1560 3627 1630 3694 scio
1654 3625 1883 3714 grammatico·
1919 3675 1920 3679 ,

268 3761 340 3802 rum
363 3747 452 3802 recte
476 3735 563 3801 illius
586 3737 920 3822 tunicae’superioris
944 3761 1063 3803 nornen
1087 3735 1271 3802 obsoletum
1296 3735 1457 3822 exposuit.
1498 3733 1596 3819 Quod
1621 3733 1663 3799 ad
1687 3733 1883 3819 scripturam

270 3867 363 3910 ame
385 3845 562 3932 impetrare
586 3868 652 3909 non
681 3867 816 3931 possum
847 3855 883 3910 ut
906 3845 1040 3912 Nabero
1065 3845 1242 3930 assentiar,
1275 3845 1387 3930 quiin
1410 3843 1588 3909 Frontonis
1613 3841 1655 3907 ad
1677 3841 1882 3907 Antoninum

270 3952 420 4040 epistulis
443 3956 541 4041 13p.
560 3953 601 4018 97
618 3951 747 4018 Maium
771 3962 904 4020 secutus
928 3957 1067 4040 captaris
1091 3953 1223 4040 scripsit
1245 3960 1421 4040 propterea
1444 3951 1534 4035 quod
1558 3975 1577 4014 a
1593 3948 1723 4016 Graeco
1742 3955 1883 4039 σίφαρος

270 4060 419 4126 ducatur.
466 4061 552 4126 Nam
577 4060 656 4126 mihi
686 4061 819 4146 quidem
849 4084 930 4132 non,
945 4059 1098 4127 uidentur
1121 4070 1211 4128 reete
1242 4083 1341 4148 agere
1365 4059 1421 4144 qui
1451 4057 1702 4145 orthographiae
1725 4057 1817 4144 leges
1842 4081 1882 4122 ex

270 4167 497 4256 etymologicis
520 4168 663 4234 inuentis
688 4169 751 4234 sibi
773 4169 913 4256 fingunt.
953 4166 1158 4256 Scripturam
1182 4191 1340 4256 erqrparas
1363 4167 1463 4254 igitur
1487 4189 1570 4252 quae
1586 4167 1749 4234 bonorum
1774 4189 1882 4232 exem-

249 4276 408 4362 plarium
432 4275 627 4342 auctoritate
652 4275 839 4343 defenditur
861 4276 1068 4342 retinendam
1091 4299 1220 4344 censeo.
1355 4272 1357 4276 ’

403 4383 475 4449 Iam
505 4407 584 4448 uero
614 4407 688 4450 cum
716 4385 750 4449 in
779 4388 916 4470 suppari
945 4383 1164 4470 explicatione
1194 4383 1394 4450 scholiasten
1422 4381 1547 4447 ratione
1579 4404 1618 4446 ac
1642 4379 1762 4446 iudicio
1787 4403 1881 4446 usum

255 4513 344 4572 ⁴esse
374 4491 562 4577 uideamus,
598 4493 692 4558 aliter
720 4515 772 4557 res
802 4491 934 4557 uidetur
963 4513 997 4557 se
1026 4491 1148 4558 habere
1178 4492 1211 4556 in
1240 4513 1278 4556 eo
1310 4490 1434 4557 scholio
1466 4488 1555 4574 quod
1587 4497 1638 4566 est
1671 4488 1713 4553 ad
1745 4507 1786 4552 111
1815 4489 1880 4555 586

271 4597 474 4665 ο1111111111.
500 4601 642 4686 aplustra
665 4613 737 4666 aaut
752 4613 865 4686 partes
889 4599 1176 4666 armamentoram’.
1206 4600 1259 4665 De
1282 4600 1387 4665 forma
1410 4597 1565 4665 uocabuli
1588 4576 1775 4684 supra¹iam
1799 4595 1881 4660 dixi-

271 4728 351 4772 mus.
392 4705 491 4790 Quod
516 4705 649 4772 adrem
673 4717 729 4772 aut
751 4707 890 4772 maxime
914 4708 1005 4773 uaria
1028 4707 1120 4773 uocis
1144 4709 1207 4772 fuit
1229 4707 1279 4772 uis
1303 4717 1360 4772 aut
1383 4705 1519 4771 mirifica
1542 4704 1744 4788 antiquitatis
1767 4705 1802 4768 in
1826 4727 1880 4769 ex-

270 4813 425 4902 plicanda
456 4837 538 4880 uoce
571 4814 749 4882 dissensio:
783 4837 867 4901 quae
900 4793 1006 4901 qualis
1036 4815 1136 4882 fuerit
1172 4814 1330 4904 cognosci
1360 4821 1472 4901 potest
1502 4837 1520 4879 e
1552 4812 1685 4880 scholiis
1716 4811 1758 4878 ad
1792 4811 1880 4876 hunc

1651 4920 1667 4972 3
