4102 5732
797 410 1019 475 ...18-

103 607 231 674 Lucani
253 593 363 672 locum
386 631 404 671 a
427 605 574 673 Webero
600 605 695 670 editis
725 615 758 671 et
787 631 804 670 e
829 587 950 672 scholis
978 609 1013 670 in
1036 606 1204 672 quenalis
1228 615 1288 673 sat.
1313 623 1338 673 x
1355 605 1437 674 ¹156.
1484 608 1524 672 In
1552 609 1603 675 his
1628 609 1712 698 enim

102 716 184 782 haec
209 715 383 802 explicatio
408 722 510 779 extat:
544 713 761 782 τΑΡΙΝΒΤΒΙΑ.
787 714 963 779 tabulatam
980 717 1022 779 ad
1043 717 1253 780 decorandam
1277 717 1477 802 superficiarii
1495 721 1587 782 aaais
1611 720 1712 803 adpo-

102 827 205 890 sitam.
230 824 290 888 alii
311 825 419 888 dicuat
444 835 548 887 rostra
575 826 678 888 aaaie.
703 835 918 887 oruamentum
943 826 1070 908 puppis.
1096 821 1274 909 dplaara’.
1321 822 1362 886 In
1385 823 1449 888 illis
1474 834 1582 889 autem
1613 824 1710 890 haec:

104 930 254 1016 ‘aplustre
277 930 459 995 necabimus
481 931 532 994 ael
554 933 658 1014 ipsam
680 930 926 1016 paderaaaalaai
947 931 998 993 ael
1026 932 1202 995 colaaeaam
1225 933 1316 994 illane
1344 934 1379 994 ia
1396 955 1506 1016 puppe
1530 955 1609 1017 qaae
1634 945 1713 996 tenet

102 1039 356 1125 gubernaculum.
385 1057 417 1101 Β.
443 1037 639 1123 aplustre.
665 1050 824 1102 temonem.
855 1055 909 1103 vc.
934 1050 977 1101 est
993 1039 1144 1122 palaiala
1166 1041 1304 1124 remigii.
1333 1057 1387 1103 ιο.
1413 1040 1473 1104 ali-i
1497 1031 1712 1104 oiaeiiaieatara

102 1149 194 1212 aaaie
218 1127 386 1231 accipiant,
410 1145 472 1210 alii
493 1168 588 1231 qeaae
611 1145 827 1231 gubernaculi,
849 1146 941 1209 malti
961 1167 1057 1229 perias
1079 1148 1167 1210 remi.
1192 1164 1246 1212 ΒΟ.
1263 1165 1316 1212 LB.
1333 1165 1391 1210 LD.
1408 1145 1515 1213 VOSS.'
1565 1145 1712 1228 Quarum

104 1253 358 1339 explicationum
387 1251 617 1318 Boetticherus
646 1253 783 1338 primam
813 1251 982 1338 amplexus
1010 1251 1044 1315 in
1075 1247 1209 1317 musei>
1242 1253 1441 1319 archaeol.
1474 1257 1551 1319 fasc.
1575 1275 1590 1318 1
1611 1280 1644 1342 p.
1670 1257 1711 1322 23

102 1344 246 1447 aplustre
279 1361 349 1427 siue
382 1359 563 1445 aplustrum
595 1359 674 1425 dicit
705 1360 887 1425 tabulatum
915 1360 949 1424 in
982 1383 1046 1444 quo
1080 1371 1155 1446 post
1188 1360 1541 1450 diaetamerigeretur
1573 1362 1711 1428 baculus

103 1469 241 1556 (στηλίς)
266 1490 283 1533 e
308 1491 374 1552 quo
399 1467 561 1555 penderet
583 1467 694 1532 uelum
717 1468 764 1553 (h.
791 1491 808 1532 e
832 1467 966 1532 linteum
990 1490 1015 1532 s.
1040 1467 1151 1550 fascia,
1177 1469 1303 1554 ταινία)
1328 1491 1393 1553 quo
1417 1478 1525 1534 motus
1548 1470 1641 1534 uenti
1663 1470 1712 1533 in-

103 1576 277 1641 dicaretur.
316 1573 419 1639 Aliud
442 1574 541 1640 docet
563 1573 684 1640 Festus
710 1599 740 1640 u.
767 1574 941 1661 ‘aplustria
962 1579 1095 1640 aaaiaui
1119 1588 1302 1640 ornamenta
1327 1600 1416 1662 qaae,
1440 1581 1517 1663 qaia
1540 1590 1629 1643 eraut
1643 1601 1712 1642 arm·

96 1687 186 1772 plius
210 1707 304 1770 qaam
328 1695 423 1748 esseae
444 1687 620 1749 necessaria
642 1707 711 1766 aea,
737 1686 832 1748 etiam
857 1684 1044 1768 aaiplaetria
1067 1681 1271 1766 diaedaatar'‚
1302 1682 1393 1747 aliud
1421 1683 1570 1750 Isidorus
1595 1682 1710 1772 Origg.
1781 1679 1805 1752 ⁵.

101 1811 191 1858 xvm
216 1792 245 1874 7,
272 1792 291 1855 3
322 1789 459 1856 ‘Tradee
488 1793 598 1856 amites
627 1804 699 1856 saut
727 1791 795 1856 caia
818 1792 925 1854 lanata
945 1790 1040 1874 ferro
1066 1814 1143 1876 qaae
1170 1791 1285 1856 Graeci
1314 1793 1423 1856 dicuat
1446 1790 1624 1877 apiastria’.
1671 1791 1712 1856 In

101 1908 194 1964 tanta
223 1897 479 1983 exphcationum
508 1897 700 1964 diuersitate
729 1922 767 1964 ac
797 1897 1001 1963 dissensione
1030 1921 1096 1962 non
1124 1897 1231 1962 habeo
1261 1897 1350 1981 quod
1379 1921 1439 1984 pro
1472 1909 1562 1964 certo
1591 1921 1711 1986 ponam

101 2007 164 2071 nisi
187 2004 279 2089 illud,
305 2007 457 2091 aplustris
480 2007 642 2072 uocabulo
667 2006 817 2072 omnibus
842 2007 1049 2090 antiquorum
1072 2006 1268 2092 scriptorum
1292 2005 1373 2070 locis
1398 2029 1480 2090 quos
1504 2007 1582 2072 noui
1600 2006 1711 2091 utique

102 2122 375 2179 armamentorum
404 2122 531 2198 partem
563 2115 725 2198 quandam
757 2113 943 2201 significari.
1003 2111 1097 2196 Quae
1136 2136 1212 2199 pars
1244 2113 1350 2198 qualis
1388 2114 1487 2179 fuerit
1517 2114 1711 2199 plerumque

100 2225 134 2286 in
158 2221 311 2307 ambiguo
335 2230 404 2305 est,
435 2222 495 2288 sed
525 2222 702 2288 clarissime
732 2231 825 2309 patet
850 2222 885 2286 in
915 2219 1068 2286 Caesaris
1092 2219 1281 2286 Germanici
1305 2221 1436 2285 Arateis
1469 2223 1532 2286 345
1557 2222 1622 2286 492
1647 2223 1712 2286 624

102 2331 165 2394 688
191 2351 275 2414 sqq.,
305 2329 360 2394 ubi
390 2330 615 2415 gubernacula
639 2331 771 2416 Argoae
803 2329 897 2394 nanis
927 2328 1157 2394 describuntur
1186 2352 1269 2412 quae
1299 2329 1448 2394 incaelo
1476 2329 1621 2394 lucentia
1650 2309 1710 2394 suh

101 2437 325 2524 septentrione
350 2437 605 2522 conspiciantur.
655 2437 729 2502 Nec
759 2437 824 2502 loci
853 2436 952 2501 medii
981 2435 1071 2520 quod
1101 2435 1219 2500 dicitur
1249 2439 1322 2501 aeui
1354 2439 1551 2522 scriptorum
1583 2461 1602 2500 a
1626 2435 1712 2501 Cane

100 2545 154 2630 gio
179 2544 309 2610 collecti
333 2544 432 2608 alium
455 2553 618 2610 testantur
634 2569 730 2611 usum
754 2544 813 2610 sed
837 2544 958 2629 ubique
983 2544 1129 2630 aplustre
1153 2565 1178 2608 s.
1197 2544 1380 2630 aplustrum
1404 2568 1464 2629 pro
1489 2544 1711 2631 gubernaculo

100 2653 244 2738 positum
267 2653 400 2718 habent.
447 2652 525 2718 Huc
550 2653 635 2718 adde
660 2653 763 2718 uerba
786 2652 937 2740 glossarii
966 2652 1213 2738 anglosaxonici
1241 2652 1432 2717 Bruxellani
1456 2675 1481 2718 s.
1505 2673 1531 2718 x
1554 2676 1638 2737 qnae
1661 2652 1712 2716 Ial

100 2760 261 2826 archaeol.
286 2760 393 2825 naual.
418 2780 432 2823 1
453 2785 485 2846 p.
512 2763 575 2828 166
601 2760 766 2846 excerpsit
790 2759 957 2846 ‘aplustra
987 2759 1169 2845 geredru.
1196 2760 1377 2846 gersdor.
1403 2762 1493 2846 piar.
1524 2762 1709 2847 geredru.

101 2872 188 2953 (aar.
214 2869 277 2932 leat.
302 2871 417 2953 pareda
441 2871 521 2954 eiags.
545 2870 708 2955 pareda.).·
740 2876 879 2952 atquae
904 2867 1026 2953 Papias
1051 2867 1256 2932 uocabulista
1286 2867 1384 2932 docet
1414 2867 1577 2953 ‘aplustra
1603 2892 1711 2933 araia-

99 2987 236 3040 meataai
258 2979 360 3040 acaia
390 2959 441 3040 rial
463 2978 576 3040 aelam.
606 2978 820 3062 supplementa
850 2978 943 3040 aaais
971 2978 1004 3039 .i.
1036 2988 1126 3040 corita
1156 2976 1182 3058 d
1210 2973 1305 3038 reaii’
1339 2984 1372 3040 et
1400 2997 1483 3060 quae
1514 2983 1591 3039 sunt
1622 2974 1712 3061 apud
1800 3040 1802 3044 ,

99 3082 258 3147 Ioannem
286 3082 485 3148 Ianuensem
515 3082 669 3169 ‘aplustre
698 3087 771 3148 stris
800 3083 1045 3170 paderaaealaai
1067 3087 1159 3148 acaia
1182 3086 1232 3146 ael
1256 3081 1494 3148 araaaaeerdaai’
1524 3105 1594 3168 sqq.
1642 3080 1710 3148 Suo

99 3191 199 3276 igitur
221 3190 292 3255 iure
316 3190 508 3258 scholiastes
531 3190 820 3278 Montepessulani
848 3189 1044 3277 exemplaris
1074 3190 1222 3276 aplustra
1253 3191 1459 3256 armamentis
1489 3191 1583 3256 nauis
1608 3190 1710 3256 adnu-

100 3297 248 3363 merauit.
651 3291 653 3294 ⁵
1588 3295 1593 3310 ²

232 3405 275 3469 In
298 3405 337 3471 iis
361 3429 446 3490 quae
470 3406 511 3472 ad
534 3426 562 3471 11
586 3408 649 3471 227
673 3407 827 3492 leguntur
851 3407 993 3471 eaalidaa
1016 3408 1132 3471 Mariis
1162 3405 1244 3471 male
1269 3406 1453 3492 explicatur
1483 3403 1519 3470 ‘i
1543 3431 1568 3471 e.
1595 3409 1709 3472 militi-

101 3515 156 3578 bas
179 3513 362 3597 Mariaaie’,
388 3538 462 3580 cum
487 3514 527 3579 de
552 3514 671 3579 Mariis
694 3522 787 3600 patre
813 3522 846 3579 et
868 3514 935 3578 filio
958 3513 1215 3601 intellegendum
1241 3514 1291 3579 sit.
1317 3551 1357 3560 -
1383 3512 1424 3578 In
1448 3514 1572 3579 scholio
1595 3535 1622 3578 11
1645 3517 1708 3580 401

100 3621 179 3686 Pisa
202 3619 309 3685 Elidis
338 3631 371 3687 et
400 3621 498 3687 Pisae
523 3621 740 3688 Etruscorum
769 3621 1024 3688 confunduntur.
1078 3622 1235 3688 Fortasse
1266 3622 1472 3706 excerpentis
1501 3622 1711 3708 neglegentia

101 3742 158 3793 aut
181 3729 378 3815 parsimonia
394 3729 519 3814 aliquid
542 3729 708 3796 intercidit
731 3739 768 3794 ut
783 3729 932 3796 scholion
955 3730 1106 3816 primitus
1128 3730 1228 3795 fuerit
1243 3729 1346 3795 simile
1369 3729 1482 3795 huius:
1509 3728 1616 3795 ‘Pirae
1637 3731 1710 3794 arde
1773 3787 1776 3794 .

106 3837 247 3902 Tusciae.
271 3837 349 3902 Pisa
371 3839 444 3901 arde
468 3839 749 3924 Pelipeaaeaeiam
772 3839 828 3902 abi
851 3839 925 3902 Ieai
949 3837 1098 3925 Olympia
1124 3839 1192 3902 ladi
1214 3835 1431 3902 celebraretur.⁹
1479 3835 1566 3902 Nam
1588 3836 1622 3900 in
1639 3860 1710 3903 cor·

100 3954 197 4030 rupta
216 3967 298 4009 uoce
316 3947 535 4030 peaeleaeiaiu
558 3967 642 4030 quae
666 3945 699 4010 in
723 3945 762 4010 M
786 3953 876 4010 extat
899 3945 987 4010 haud
1012 3944 1111 4010 dubie
1134 3944 1216 4008 latet
1238 3945 1412 4030 genetiuus
1429 3944 1710 4029 Peloponnensiaci

101 4075 167 4136 qua
188 4052 292 4117 torma
314 4073 394 4118 usus
419 4063 469 4118 est
493 4051 627 4118 Curtius
651 4073 702 4120 vn
725 4054 757 4136 4,
783 4054 836 4118 32.
864 4091 902 4100 -
935 4049 1092 4118 Scholion
1121 4052 1227 4116 adm
1250 4054 1315 4118 202
1344 4051 1519 4118 restituere
1550 4051 1710 4138 temptaui

101 4159 284 4224 secundum
308 4183 345 4224 ea
369 4183 452 4246 quae
476 4160 629 4225 Valerius
653 4161 795 4226 Flaccus
825 4163 976 4227 v111217
1003 4161 1067 4225 256
1097 4159 1137 4225 de
1162 4159 1273 4225 Peuce
1303 4158 1447 4245 nympha
1470 4160 1510 4224 ab
1535 4159 1651 4224 Histro
1676 4159 1709 4224 in

101 4276 195 4332 antro
221 4290 400 4354 conpressa
429 4269 525 4334 solus·
548 4253 704 4352 quantum
729 4269 797 4334 scio
822 4269 1030 4352 antiquorum
1059 4268 1212 4333 narrauit.
1239 4306 1279 4314 ·—
1307 4267 1436 4332 111205
1461 4275 1635 4351 corruptus
1660 4275 1733 4342 est,

102 4387 135 4442 et
158 4376 290 4441 mutilus
313 4377 416 4442 locus.
456 4375 614 4442 ‘Pitaaea
639 4378 731 4442 lidiae
756 4379 869 4441 ciaitae
893 4377 932 4442 ab
957 4401 1030 4441 ama
1043 4425 1161 4441 ......
1176 4373 1324 4440 coadita’.
1370 4375 1412 4440 In
1436 4374 1568 4440 scholiis
1593 4373 1710 4440 aWe-

101 4484 180 4548 bero
208 4483 303 4549 editis
328 4481 422 4549 adh.
447 4484 468 4548 l.
493 4484 669 4550 ascribitur
693 4483 823 4550 ‘ciuitas
845 4486 1021 4549 Laodiciae
1045 4485 1243 4567 (Lacdoeiae
1259 4475 1335 4565 BC)
1358 4483 1414 4546 abi
1429 4486 1529 4568 picae
1545 4484 1708 4570 pla-rimae

100 4604 285 4656 aascaatar:
312 4615 388 4656 aare
417 4588 535 4657 Graece
565 4589 583 4679 ἡ
608 4575 701 4668 πίτυς
722 4595 821 4677 piaas
851 4590 990 4656 dicitur.7
1041 4590 1208 4656 Weberus
1237 4591 1411 4656 Laodiciae
1446 4589 1480 4654 in
1507 4591 1708 4656 Laodiceaae

100 4721 217 4783 parum
238 4708 329 4764 recte
353 4699 500 4764 mutauit.
547 4700 634 4764 Nam
662 4699 717 4764 illa
746 4699 861 4764 ciuitas
885 4698 1053 4764 Laodicea
1083 4723 1102 4763 a
1130 4696 1286 4763 Romanis
1316 4696 1454 4761 cadente
1478 4697 1615 4782 imperio
1643 4699 1707 4762 La-

101 4809 185 4872 dicia
221 4807 273 4872 uel
307 4809 468 4873 Laudicia
503 4807 591 4872 dicta
626 4816 677 4874 est
710 4817 746 4872 ut
774 4806 852 4872 licet
879 4829 1085 4892 cognoscere
1118 4829 1158 4872 ex
1187 4805 1227 4868 iis
1263 4827 1347 4889 quae
1379 4803 1640 4872 Schuchardtiu's
1675 4804 1707 4870 in
