4102 5732
790 396 1010 463 „24-

97 598 172 664 208.
196 615 385 681 suasurum
407 613 633 662 MAEANDRON.
986 591 1078 660 Gens
1101 591 1135 657 in
1158 593 1266 658 Ponto
1291 616 1374 678 quae
1399 592 1566 660 deauratis

163 687 223 792 per
246 704 377 772 diuersa
400 713 585 771 currentem
985 700 1156 766 bratteolis
1180 701 1361 766 ornamenti
1385 705 1453 767 uiae
1578 697 1592 706 ⁵

163 822 219 878 aut
241 812 346 879 flexus
368 813 552 880 facientem.
986 832 1096 875 eomas
1120 809 1231 874 ambit.
1382 860 1389 870 .

425 921 447 986 f.
473 921 515 986 23
527 919 559 986 b.
1245 918 1268 982 f.
1293 918 1336 982 26
1349 941 1377 982 6.

97 1029 172 1094 215.
196 1046 308 1095 umos.
332 1027 367 1092 id
392 1037 442 1094 est
463 1026 621 1093 Niniuen.
919 1027 994 1092 413.
1020 1041 1313 1092 orasis-ramera.
1337 1025 1371 1090 in
1395 1024 1578 1091 simulacra.

108 1119 110 1124 ’
423 1135 446 1200 f.
471 1135 514 1200 24
527 1158 554 1203 a.
1246 1133 1268 1198 f.
1293 1133 1335 1198 aa
1349 1156 1377 1200 a.

97 1245 171 1311 266.
194 1261 334 1310 auersas
358 1259 461 1308 nvos.
919 1241 994 1308 586.
1018 1257 1208 1306 aenvsnan.
1238 1241 1399 1327 Aplustra
1423 1249 1500 1306 sunt
1516 1253 1628 1327 portes

163 1352 245 1418 Pars
269 1351 355 1417 enim
377 1349 507 1415 illorum
531 1358 602 1415 erat
680 1403 681 1408 ,
938 1355 942 1359 ’
987 1348 1189 1417 armamenti.

164 1483 239 1525 oum
263 1457 405 1525 Caesare
430 1467 463 1523 et
484 1476 561 1544 pars
586 1479 660 1522 oum
682 1456 853 1543 Pompeio.
1249 1457 1271 1521 f.
1297 1457 1340 1521 30
1352 1455 1382 1522 b.

96 1568 172 1632 281.
197 1585 454 1634 svasramenus
477 1583 647 1632 sumasne
672 1583 796 1632 comae.
921 1563 994 1630 155.
1018 1581 1177 1630 savium.
1209 1560 1393 1631 Stationem
1416 1563 1560 1629 nauium.

794 1747 1008 1756 ..u—m

731 1886 923 1953 LIBER
955 1886 1075 1952 IIII.

423 1997 444 2062 f.
469 1996 512 2060 30
524 1994 555 2060 b.
921 1997 974 2061 21.
1000 2013 1115 2060 omos.

96 2105 127 2170 4.
151 2121 331 2168 AFRAruVM
356 2121 402 2167 uu
424 2119 608 2170 Purauwu.
650 2152 658 2167 .
989 2100 1120 2190 ‘Cinga’
1145 2100 1253 2169 dietus
1273 2124 1298 2183 a
1321 2100 1485 2190 cingendo
1510 2100 1600 2186 quod
1622 2101 1683 2167 hos

163 2211 211 2276 Hi
234 2213 328 2277 duces
352 2233 372 2276 a
394 2209 553 2297 Pompeio
582 2209 616 2274 in
645 2209 810 2296 Hispania
832 2233 883 2275 re·
1579 2207 1708 2298 [circuit
1727 2207 1741 2226 ⁶

728 2317 811 2404 [lieti
833 2318 884 2384 fu-
988 2339 1131 2402 campos.
1178 2317 1214 2382 Is
1238 2329 1348 2383 autem
1371 2340 1436 2381 non
1459 2326 1652 2403 perseuerat

145 2438 264 2509 aaroni,
289 2425 346 2511 qui
368 2425 431 2491 illis
454 2424 603 2510 partibus
625 2434 829 2511 praeessent.
1404 2423 1523 2510 [usque
1543 2447 1706 2510 oceanum,

98 2534 128 2598 9.
152 2549 406 2616 vurrouasevu
429 2549 548 2599 navas
988 2529 1048 2597 sed
1070 2530 1104 2596 in
1127 2530 1290 2598 Hiberum
1312 2531 1435 2597 flumen
1459 2530 1557 2598 cadit.

175 2640 316 2706 lseotones
332 2643 424 2727 quasi
440 2649 584 2706 uectores
601 2639 678 2725 quia
696 2639 788 2725 equis
806 2639 884 2706 uehi
921 2639 972 2706 23.
996 2657 1132 2702 avanae
1154 2657 1227 2704 mar
1248 2657 1387 2704 narrans
1410 2657 1572 2705 urauavs.

662 2747 773 2835 [periti
797 2757 882 2814 sunt.
987 2745 1132 2812 Hiberus
1156 2746 1216 2812 tibi
1239 2751 1367 2813 nomen
1382 2747 1487 2812 aufert
1510 2748 1567 2833 qui
1590 2749 1684 2814 terris

100 2856 149 2922 10.
173 2873 306 2921 cannae
328 2873 522 2922 messuras
545 2873 666 2934 norrun
688 2873 838 2922 manare.
987 2875 1107 2920 nornen
1130 2862 1286 2942 praestat.
1332 2855 1387 2920 Ab
1411 2855 1474 2921 hoc
1499 2855 1584 2921 enirn

165 2959 258 3030 Gens
281 2961 398 3030 Italiae
422 2963 523 3030 mixta
547 2961 681 3030 Hiberis
705 2963 862 3049 quisunt
987 2945 1149 3048 Hispania
1170 2961 1310 3028 Hiberia
1555 2955 1556 2958 '

164 3069 356 3158 Hispaniae.
404 3070 582 3138 Celtiberia
987 3093 1107 3135 nomen
1130 3070 1268 3156 aceepit.

164 3179 312 3244 iunctum
335 3203 455 3245 nomen
479 3177 617 3265 aceepit.
921 3179 974 3244 30.
998 3195 1129 3243 PRIMAE
1152 3196 1353 3244 Purusraur
1375 3196 1486 3246 amus.

100 3289 150 3353 15.
176 3303 274 3363 evum
295 3305 383 3354 rous
406 3305 648 3354 armauermva
670 3305 771 3354 aacv.
990 3283 1114 3352 Caesar
1142 3287 1249 3352 noetis
1278 3285 1412 3353 exordio
1441 3287 1580 3375 primam
1603 3286 1708 3353 aoiem

166 3393 314 3461 ‘Areum’
339 3395 393 3462 hio
417 3419 477 3482 pro
502 3394 650 3461 ‘fornice’
987 3394 1125 3460 hostibus
1149 3393 1305 3481 opposuit
1328 3417 1411 3479 quae
1435 3391 1612 3462 resisteret.

164 3503 286 3590 posuit.
332 3503 459 3570 Areum
483 3513 593 3569 autem
922 3499 973 3570 34.
997 3517 1209 3578 ruRRORQvu
1232 3519 1431 3584 ruuouQvu.

164 3635 260 3678 nemo
283 3611 396 3698 posuit
418 3611 481 3676 nisi
505 3611 697 3699 sagittarum
738 3671 743 3680 .
987 3608 1119 3694 Terror,
1144 3633 1185 3676 ne
1209 3609 1475 3696 periclitarentur
1498 3610 1525 3676 si
1550 3611 1667 3678 Caesar

165 3729 224 3786 aut
245 3719 319 3787 Iris.
372 3782 378 3788 .
989 3717 1269 3806 oocuparethuno
1286 3719 1420 3786 eollemr
1443 3719 1561 3806 pudor,
1585 3742 1622 3784 ne
1638 3742 1707 3784 era·

426 3825 448 3894 f.
473 3829 514 3892 31
530 3849 558 3892 a.
988 3827 1173 3912 haererent,
1197 3827 1224 3892 si
1248 3828 1374 3894 amitte·

99 3937 151 4003 20.
174 3954 238 4002 v1x
261 3952 375 4002 oovno
399 3951 606 4000 rauranum
629 3952 766 4000 uouvu.
987 3944 1062 4002 rent
1083 3935 1202 4002 locum.

165 4051 203 4108 ut
224 4065 329 4130 prope
353 4040 493 4129 amplius
517 4042 559 4108 sit
583 4063 681 4126 quam
702 4043 867 4130 possimus
921 4042 974 4110 45.
997 4061 1232 4120 Mvmrvuevu
1250 4061 1370 4109 Lnrvs.

165 4151 294 4218 intueri.
551 4147 553 4152 ’
987 4151 1093 4218 Latus
1109 4152 1279 4236 munitum,
1301 4149 1391 4237 quod
1408 4151 1513 4239 clipeo
1529 4152 1706 4239 tegebatur.

206 4309 383 4366 Lissum.
404 4307 465 4378 281,
486 4310 500 4363 1
521 4309 553 4366 (16
574 4307 719 4366 a...;.M
736 4310 865 4366 deauratis
884 4309 998 4382 suppleat
1016 4330 1028 4364 e
1051 4307 1142 4366 VOSS.
1164 4311 1213 4364 ΒΟ.
1251 4310 1312 4377 281,
1331 4311 1349 4364 2
1370 4315 1503 4365 bratteolis
1522 4313 1556 4364 M
1569 4314 1707 4366 bracteolis

103 4393 688 4470 1103611166161660.6166666666
710 4397 857 4456 Vosarl.
903 4401 964 4469 586,
985 4402 1000 4454 1
1023 4411 1109 4470 partes
1128 4405 1271 4455 coniectura
1291 4403 1412 4473 suppleat.
1446 4432 1477 4442 -
1514 4399 1622 4455 LIBER
1640 4406 1707 4458 1111.

98 4492 124 4544 4.
144 4493 258 4561 supplesti
276 4510 288 4544 e
302 4490 410 4545 BERN.
425 4490 458 4541 ΙΙ
472 4490 519 4543 ΒΟ
533 4489 625 4543 17088.
645 4495 772 4560 hyspania
790 4491 822 4542 M
837 4493 942 4544 fuerunt
960 4491 1067 4546 BERN.
1081 4491 1129 4543 Bc
1144 4504 1217 4545 erant
1234 4492 1325 4548 VOSS.
1346 4497 1424 4546 duces
1444 4493 1513 4545 abeat
1531 4513 1548 4545 a
1561 4491 1668 4547 BERN.
1679 4491 1712 4543 ll

93 4599 145 4649 pro
166 4599 193 4632 eo
217 4577 309 4636 VOSS.
330 4585 459 4636 uidelicet.
493 4583 544 4634 illis
563 4583 679 4650 partibus
698 4581 768 4634 abeat
786 4601 803 4632 o
820 4575 927 4635 BERN.
948 4577 981 4632 II
998 4577 1090 4634 VOSS.
1110 4578 1161 4636 BC.
1199 4579 1224 4637 9.
1244 4583 1373 4636 Vectones
1393 4585 1466 4651 quasi
1487 4581 1708 4652 Ver...sappleui

99 4675 250 4725 coniectura.
279 4675 324 4740 qui
343 4671 377 4723 M
390 4673 452 4739 quia
471 4667 578 4725 BERN.
599 4667 635 4727 ΙΙ.
675 4671 715 4726 10.
737 4674 876 4726 celtiber..
897 4690 913 4724 a
931 4671 964 4723 M
996 4669 1040 4737 21,
1059 4671 1076 4723 3
1094 4673 1133 4724 his
1153 4681 1238 4726 autern
1257 4673 1291 4724 M
1321 4671 1365 4739 21,
1384 4671 1401 4725 4
1419 4677 1543 4742 hyberum
1563 4673 1596 4724 M
1627 4665 1705 4737 iul

97 4761 199 4813 Yberus
219 4759 253 4812 M
292 4759 372 4826 30,3
400 4759 507 4814 hostibus
526 4759 671 4830 supplente
694 4759 786 4814 VOSS.
833 4757 913 4826 34,2
941 4762 1082 4816 sio...M
1096 4764 1209 4830 suppleat
1226 4773 1252 4815 ut
1270 4761 1312 4826 34,
1330 4763 1348 4814 3
1370 4783 1382 4815 6
1405 4763 1496 4816 11088.
1513 4764 1568 4817 BC.
1618 4761 1661 4830 45,
1689 4763 1706 4814 ‘2

97 4851 237 4918 teg...M
250 4853 385 4919 tegebatur
403 4869 416 4903 e
434 4849 487 4906 ΒΟ.
